3392 5150
761 409 800 472 15

216 601 307 670 fecit
344 600 383 669 E.
405 621 434 685 g.
453 597 614 666 Dulcitiua
636 596 778 682 quidam.
796 601 870 665 octo
891 615 957 662 uuo
979 601 1124 681 tempore
1145 596 1354 680 quaestiones

216 706 320 787 misit,
353 704 472 790 quibus
501 700 678 786 respondet
705 704 789 768 acer
811 703 916 784 potuit
940 701 1196 783 inquisitoribus
1223 699 1268 784 (in
1289 698 1353 766 fine

220 810 302 877 libri
337 809 398 891 „de
427 812 500 874 octo
528 805 660 872 Dulcitii
690 803 978 890 quaestionibus“).
1028 803 1207 891 Pnaccepia
1235 804 1354 871 dantur

222 913 272 980 de
310 909 626 980 catechizandis
665 908 853 989 rudibus,
894 906 940 974 de
974 906 1079 972 bono
1114 907 1352 990 viduitatis,

221 1018 268 1084 de
291 1034 416 1103 opere
438 1012 726 1081 monachorum
747 1018 818 1093 etc,
841 1031 979 1096 quorum
999 1011 1090 1076 nulla
1111 1031 1176 1076 non
1194 1010 1236 1076 ad
1252 1032 1352 1078 uuum

222 1120 397 1206 praecipue
438 1116 594 1184 lectorem
630 1137 664 1183 se
699 1120 897 1182 convertunt.
952 1115 1076 1193 Etiam,
1114 1112 1202 1196 quod
1234 1115 1353 1182 mirum

222 1223 325 1289 rideri
346 1225 469 1306 potest,
500 1221 623 1305 scripta
644 1218 819 1286 bellatoria
840 1223 954 1285 contra
973 1217 1135 1298 inimicos,
1159 1218 1214 1303 qui
1236 1220 1353 1284 existe-

220 1327 301 1394 bant
330 1327 363 1391 in
398 1328 470 1412 ipsa
500 1324 650 1403 ecclesia,
687 1323 730 1388 ad
758 1343 856 1388 unum
886 1321 1088 1406 potissimum
1118 1320 1241 1405 scripta
1271 1326 1353 1401 sunt,

222 1451 248 1496 e.
267 1453 297 1514 g.
315 1431 364 1496 ad
383 1428 572 1495 Orosium
595 1431 740 1494 eontra
760 1423 1122 1492 Priscilliauistas
1145 1427 1186 1488 et
1208 1424 1353 1509 Orige-

220 1535 348 1600 nistas
384 1530 492 1598 etde
526 1530 647 1596 unico
681 1529 893 1616 baptismo
929 1531 1075 1594 contra
1102 1527 1354 1593 Petilianum

220 1635 270 1703 ad
292 1635 624 1703 Constantinum.
788 1627 791 1634 ’

308 1737 512 1806 Simillimam
529 1758 597 1803 rem
615 1735 705 1824 apud
718 1734 862 1801 Graecos
877 1733 1022 1800 eiusdem
1037 1733 1164 1819 generis
1178 1737 1353 1820 scriptores

221 1843 415 1922 invenimus,
445 1861 583 1927 quorum
607 1839 761 1923 Origenes
783 1837 932 1904 refutans
959 1839 1135 1923 opprobria
1162 1837 1249 1905 Oclsi
1276 1838 1354 1908 iam-

222 1948 343 2013 dudum
372 1943 493 2010 mortui
520 1943 554 2008 in
581 1942 673 2009 libris
694 1938 773 2011 nord
796 1944 917 2010 Κέλσου
945 1940 1124 2024 alloquitur
1145 1940 1353 2010 Ambrosium

224 2047 384 2134 quendam
413 2047 463 2127 (ci.
487 2047 593 2131 Migne
614 2046 731 2130 patrol.
755 2043 811 2111 Gr.
832 2044 879 2110 XI
900 2067 931 2130 p.
954 2048 1037 2125 644).
1082 2045 1155 2124 Qua
1174 2045 1215 2111 de
1236 2068 1272 2114 re
1293 2068 1353 2114 nos

224 2173 262 2219 eo
280 2152 383 2236 mapa
401 2150 616 2217 admiratione
634 2148 800 2230 afficimur,
823 2148 911 2234 quod
928 2145 1050 2214 uostris
1068 2150 1275 2233 temporibus,
1298 2152 1354 2236 qui

128 2297 134 2310 ·
223 2256 259 2320 in
279 2254 379 2321 rebus
401 2255 443 2321 ad
465 2252 716 2337 rempublicam
737 2253 787 2319 vsl
816 2252 858 2319 ad
886 2251 1015 2317 litteras
1043 2252 1266 2338 spectantibus
1295 2253 1354 2320 ali·

225 2359 341 2444 quibus
355 2358 521 2425 adversari
533 2358 655 2437 volunt,
674 2356 877 2440 aptissimum
890 2361 1008 2439 putant
1030 2376 1077 2435 ea,
1097 2376 1181 2440 quae
1203 2357 1353 2441 sentiunt,

224 2463 379 2530 mandare
401 2461 482 2529 actis
505 2460 627 2527 diurnis
649 2460 701 2525 vel
721 2459 852 2540 tuellis,
883 2479 966 2542 quae
988 2459 1130 2524 omnium
1151 2460 1184 2524 iu
1206 2460 1354 2529 manibus

224 2573 394 2634 versatura
421 2565 541 2645 sciant,
570 2585 641 2629 cunr
665 2562 821 2647 Origenes
849 2560 1079 2628 refutationem
1106 2565 1354 2650 opprobriorum

223 2672 343 2756 pagani
364 2667 416 2735 rel
436 2687 639 2753 paganorum
660 2668 863 2749 potissimum
885 2664 928 2730 ad
949 2687 1048 2731 uuum
1075 2667 1213 2749 scribat,
1243 2689 1353 2753 quarn·

225 2795 322 2861 quam
339 2793 422 2853 eum,
441 2791 523 2856 quae
542 2769 669 2854 accepit
682 2791 704 2834 a
716 2768 907 2844 doctissimo
922 2770 979 2835 illo
997 2770 1155 2855 episcopo,
1177 2793 1252 2838 mox
1270 2793 1354 2840 com-

171 2955 172 2958 ,
223 2878 403 2943 municasse
425 2896 497 2941 cum
519 2872 715 2940 Christianis
744 2873 887 2939 eiusdem
918 2873 1059 2940 civitatis
1087 2876 1268 2959 putandum
1294 2881 1354 2943 est

226 2979 291 3047 Sed
320 2984 572 3046 consentaneum
602 2983 653 3044 est
682 2978 837 3062 imprimis
868 2977 975 3043 careri
1004 2976 1172 3061 debuisse,
1202 2999 1244 3045 ne
1272 2979 1355 3047 tales

224 3103 429 3168 paganorum
445 3084 584 3167 impetus
597 3082 772 3165 perniciosi
783 3085 894 3148 essent
905 3082 985 3166 ipsis
1004 3079 1207 3163 Christianis,
1226 3084 1354 3168 quibus,

224 3192 263 3253 ut
299 3186 443 3252 animum
465 3183 655 3266 deficerent,
677 3184 798 3269 impelli
818 3186 1014 3268 poteraut.¹)
1058 3184 1173 3270 Itaque
1197 3185 1356 3270 Origenes

226 3289 431 3355 Ambrosium
472 3287 565 3355 libris
606 3287 673 3355 illis
716 3287 897 3355 dedicatis·
916 3289 1070 3354 iustruxit
1112 3292 1205 3374 quasi
1247 3293 1354 3373 armis,

228 3391 343 3476 quibus
365 3411 406 3456 cx
427 3393 590 3458 sententia
613 3412 673 3458 sua
695 3391 869 3458 obsisteret
891 3391 942 3458 his
963 3391 1125 3459 hostibus.

311 3510 524 3596 Aliquantum
546 3516 655 3577 autem
676 3513 814 3578 interest
834 3513 919 3578 inter
940 3511 1022 3578 hacc
1041 3513 1164 3598 scripte
1181 3514 1356 3598 Augustini

227 3613 438 3699 Origenisque
469 3617 504 3678 et
532 3615 620 3680 iuter
651 3615 885 3700 apologias,
922 3637 1006 3700 quae
1036 3617 1165 3701 proprie
1194 3616 1354 3700 dicuntur,

225 3716 393 3803 religionis
416 3716 629 3784 Christianae.
675 3717 758 3785 Vera
788 3720 936 3804 apologia
965 3741 1028 3785 non
1050 3721 1134 3786 inter
1157 3719 1355 3788 Christianos

314 3909 332 3979 ¹)
350 3907 497 3977 Expressia
514 3907 605 3962 verbis
625 3908 758 3978 Origenes
783 3909 851 3979 ipse
867 3909 1005 3978 significat
1029 3910 1065 3964 ad
1089 3926 1156 3978 quos
1180 3905 1355 3980 potissimum¹

226 3992 382 4063 scripserit,
407 3992 441 4048 ci.
467 4014 491 4050 ιι.
517 3998 550 4048 Κ.
573 3992 684 4064 hiique,
707 3995 806 4064 patrol.
832 3995 877 4050 Gr.
895 4012 922 4064 p.
946 3997 1005 4050 649.
1029 3998 1080 4050 318
1103 4002 1139 4054 A:
1163 4003 1246 4054 τοῦτο
1271 3997 1302 4054 dl
1323 3985 1355 4058 rb

225 4081 420 4150 προοίμιον..
441 4078 559 4146 ,ἔδοξεν
580 4079 647 4150 ἡμῖν
670 4079 807 4151 προτάξαι
824 4087 875 4150 τῆς
892 4080 979 4152 ἀρχῆς
1002 4081 1036 4138 ἵν’
1055 4081 1132 4158 αὐτῷ
1149 4079 1354 4156 upomcyxclvp

225 4164 241 4220 ὁ
260 4163 486 4235 ἄναγνωσόμειος
504 4208 510 4221 .
529 4208 536 4221 .
555 4208 560 4220 .
579 4164 627 4220 acl
643 4165 690 4237 ἴδῃ
707 4165 751 4222 ὅτι
768 4167 801 4223 orl
818 4167 894 4223 πάνυ
906 4175 1014 4232 πιστοῖς
1030 4166 1181 4241 γέγραπται
1197 4168 1229 4224 τὸ
1249 4173 1355 4243 βιβλίον

226 4255 309 4306 τοῦτο
327 4293 334 4306 .
353 4293 359 4306 .
379 4293 385 4307 .
404 4250 462 4308 ἀλλ’
480 4249 499 4324 ἢ
517 4249 608 4308 τέλεον
625 4250 768 4324 &adorere
785 4258 836 4326 τῆς
852 4255 892 4319 εἰς
908 4254 1028 4328 Χριστὸν
1044 4257 1167 4326 πίστεως,
1188 4254 1279 4330 desig
1296 4299 1302 4316 .
1321 4299 1328 4316 .
1347 4299 1354 4320 ,

227 4334 394 4396 ἅσθειοῢσιιι
411 4333 442 4396 iv
458 4342 493 4412 τῇ
511 4339 606 4398 πίστει.
