3392 5150
813 463 1050 562 m·

328 649 446 712 umen·
465 647 595 734 saepius
624 669 681 716 eos
711 671 839 736 quoque
866 651 929 720 hoc
955 654 1123 722 consilium
1147 664 1276 726 secutos
1298 680 1368 726 esse
1388 662 1457 730 veri

328 749 495 816 dissimile.
507 757 568 818 est.

573 947 735 1010 Dediostio
758 948 979 1013 instructionis
1002 969 1099 1016 causa
1121 954 1214 1018 lectra

411 1059 515 1128 Multo
532 1061 641 1148 plures
657 1062 734 1130 libri
752 1064 893 1132 dedicati
911 1068 1043 1135 suntad
1061 1069 1311 1140 edocendum
1328 1075 1379 1141 vel
1396 1077 1457 1143 in-

326 1165 566 1231 struendum
596 1187 685 1246 eum,
717 1167 774 1251 qui
804 1168 940 1255 accipit,
973 1171 1013 1238 de
1043 1172 1155 1256 aliqua
1183 1194 1219 1239 re
1247 1181 1281 1242 et
1311 1177 1457 1246 eiusdem

227 1337 231 1346 ,
324 1268 485 1336 voluntati
506 1269 557 1335 vel
588 1269 747 1338 desiderio
771 1272 985 1343 satisfaciunt.
1030 1275 1198 1360 Responsa
1220 1279 1341 1345 dantur
1362 1277 1456 1348 libris

324 1369 464 1440 donatis·
476 1373 518 1438 ad
541 1375 747 1457 quaestiones
769 1381 953 1460 spectantes
972 1378 1013 1443 ad
1030 1379 1282 1465 philosophiam,
1306 1385 1349 1451 ad
1370 1389 1455 1454 anti·

325 1473 500 1559 quitatem,
536 1477 579 1542 ad
609 1481 713 1544 artem
743 1478 936 1561 medicinae,
971 1483 1231 1567 grammaticam,
1267 1489 1455 1572 oratoriam,

324 1579 478 1644 tecticam
500 1585 560 1646 etc.

408 1680 496 1748 Inter
511 1683 652 1750 Graecos
667 1685 843 1768 scriptores
857 1685 1025 1753 scientiam
1042 1689 1237 1758 medicorum
1252 1715 1277 1764 e.
1290 1716 1318 1780 g.
1332 1698 1456 1764 tractat

322 1783 485 1852 Nicander
505 1793 609 1854 metro
628 1786 798 1869 inclusam,
822 1809 893 1854 oum
911 1788 1217 1876 Hermesiansotem,
1241 1797 1453 1885 Protagoram

321 1889 432 1957 nescio
447 1911 529 1974 quos
541 1892 685 1958 instruat
698 1891 745 1957 de
759 1892 957 1959 sanandis
970 1897 1177 1965 morsibus
1191 1899 1390 1984 ferarum,
1407 1903 1454 1969 de

321 1992 542 2061 antidotis.
582 1993 826 2061 Andromachus
844 1995 965 2062 Neroni
985 1998 1132 2068 versibus
1153 2003 1293 2072 heroicis
1311 2007 1453 2076 remedia

320 2100 436 2163 contra
457 2097 653 2182 serpentium
674 2117 799 2164 venena
816 2096 956 2166 valentia
974 2107 1115 2189 exponit.
1151 2108 1298 2193 Denique
1313 2111 1454 2180 Galenus

320 2205 452 2287 praeter
463 2207 587 2268 ceteros
601 2200 759 2268 excellens
768 2201 887 2286 peritia
901 2209 934 2270 et
946 2204 1110 2274 industria
1122 2210 1156 2275 in
1169 2233 1263 2278 usum
1277 2216 1453 2284 amicorum

319 2308 425 2370 totam
442 2305 524 2371 artis
543 2304 722 2370 medicinae
740 2304 923 2373 doctrinam
939 2308 1124 2378 illustravit.
1156 2315 1264 2400 Atque
1277 2321 1452 2406 praecipue

319 2428 389 2473 eum
411 2408 493 2474 nihil
514 2408 583 2475 fere
611 2409 782 2493 scripsisse
809 2409 874 2475 nisi
894 2411 1034 2494 petitum
1056 2416 1260 2502 adisoipulis
1282 2426 1317 2488 et
1338 2425 1452 2492 amicis

319 2513 499 2578 notandum
517 2515 575 2592 est,
595 2531 750 2596 quaeres
768 2511 820 2578 his
837 2512 927 2594 locis,
948 2518 1002 2597 qui
1021 2520 1118 2605 pauci
1133 2541 1173 2586 ex
1186 2545 1304 2608 magno
1318 2549 1451 2596 numero

318 2635 377 2697 pro
392 2614 540 2681 omnibus
553 2614 739 2698 loquantur,
755 2617 1014 2684 demonstratur:
1034 2627 1219 2712 βουληθέντι
1231 2655 1277 2697 ool
1290 2627 1361 2718 παρ’
1374 2633 1452 2719 ἐμοῦ

318 2722 446 2806 δοθῆναι
470 2719 595 2808 μνήμης
617 2721 713 2788 ἕνεκεν
737 2722 828 2806 (περὶ,
841 2721 961 2809 φλεβῶν
983 2732 1032 2792 καὶ
1051 2720 1201 2814 άρτηριῶν
1222 2727 1375 2823 οἷνατομῆς
1399 2739 1449 2806 ed.

317 2819 413 2886 Kthn
444 2821 492 2902 II,
523 2844 554 2906 p.
586 2827 647 2890 779
657 2826 698 2908 8)‚
729 2827 836 2912 ἐπειδη
865 2827 1003 2909 κελεύεις,
1034 2831 1124 2918 διήξω
1158 2859 1203 2903 σοι
1237 2840 1338 2906 πάντα
1370 2843 1450 2928 (περὶ

317 2927 501 3012 διαγνώσεως
514 2933 564 2994 καὶ
577 2929 741 3012 θεραπείας
755 2925 817 2994 ταῖν
826 2931 858 2995 ἕν
872 2938 913 3022 τῇ
925 2931 1052 3002 ἑκάστου
1061 2937 1155 3030 ψυχῇ
1161 2943 1244 3008 ἰδίων
1252 2944 1449 3032 παθημάτων

318 3029 367 3094 ed.
384 3027 482 3094 Kiihn
499 3027 537 3096 V.
556 3050 587 3114 p.
608 3035 684 3114 311),
703 3029 815 3115 ἐβιάσω
837 3061 870 3100 τε
893 3042 943 3101 καὶ
964 3039 1192 3127 κατηνάγκασας
1208 3094 1242 3110 ..
1266 3050 1449 3132 γράψασθαι

316 3131 385 3212 τούς
412 3135 516 3219 λόγους
538 3131 600 3218 (ed.
623 3131 720 3198 Kiihn
735 3132 772 3199 V.
787 3155 819 3218 p-
835 3140 919 3218 809),
938 3143 1007 3208 ἕν’κω
1024 3143 1068 3235 τῇ
1084 3149 1137 3236 βίη
1154 3155 1204 3215 καὶ
1220 3153 1368 3235 πείθομαι
1385 3152 1449 3236 (ed.

315 3233 412 3300 Kiihn
434 3235 481 3300 XI
505 3241 566 3302 359
577 3240 626 3322 1⁴1).

401 3337 446 3404 Ut
474 3339 517 3404 ad
539 3342 643 3404 artem
664 3337 861 3406 rhetoricam
882 3347 1102 3431 transeamus,
1132 3356 1235 3441 τέχναι
1261 3357 1311 3421 vel
1334 3364 1448 3426 artes

316 3441 509 3529 Apollodori
530 3442 722 3526 Pergameni
744 3448 777 3507 et
797 3442 945 3530 Dionysii
965 3449 1219 3538 Halicarnassei,
1242 3459 1449 3548 Ps.-Longini

315 3550 381 3632 περὶ
398 3544 502 3630 ὕψους,
519 3544 653 3610 lanciani
666 3547 801 3635 ῥητόρων
817 3551 992 3650 ᾄιδάσκαλος
1005 3558 1045 3641 (ο.
1063 3563 1089 3623 l.
1104 3560 1225 3655 ε’ρωτᾷς,
1243 3555 1446 3656 ὦμειράκιον)

313 3648 518 3734 potissimum
540 3647 720 3730 adunam,
751 3650 806 3734 qui
828 3653 958 3738 accepit
978 3657 1112 3744 librum,
1142 3663 1338 3734 edocendum
1360 3691 1446 3738 com·

313 3753 420 3838 posita
441 3757 524 3819 sunt.
1251 3803 1252 3806 =

400 3856 466 3922 Alii
488 3855 642 3922 certiores
666 3853 736 3920 fieri
757 3851 929 3927 voluerant
950 3863 990 3930 de
1018 3868 1116 3937 rebus
1144 3873 1272 3941 taeticis
1300 3876 1445 3961 fiuntque

314 3968 477 4052 polygoni,
500 3958 692 4043 Apollodori
712 3959 911 4043 Damasceni,
935 3967 1060 4040 Bitonis
1084 3995 1191 4059 opera.
1231 3979 1326 4063 Apud
1348 3980 1443 4067 Poly-

313 4093 429 4140 aenum
458 4093 483 4138 e.
508 4091 537 4154 g.
566 4060 742 4151 legimusl
770 4084 930 4149 prooem:
959 4074 1014 4163 τῆς
1045 4081 1244 4169 στρατηγικῆς
1275 4085 1444 4174 ἐπιστήμης

229 4217 233 4228 -
312 4179 416 4272 ἐφόδια
437 4183 526 4245 ταυτὶ
546 4172 713 4260 προσφέρω,
736 4170 835 4251 atque
856 4171 951 4244 huius
974 4179 1037 4247 loci
1063 4187 1219 4252 memoria
1247 4187 1281 4254 in
1302 4193 1442 4256 mentem

312 4280 405 4348 nobis
427 4281 528 4362 venit,
558 4302 631 4349 cum
658 4282 803 4368 legamus
829 4279 915 4359 apud
937 4283 1169 4369 Apollodorum
1197 4291 1314 4374 praei:
1343 4293 1443 4364 τοῦτοί

311 4412 357 4453 σα
395 4388 563 4473 spatioso,
600 4390 746 4470 δέσποτα,
885 4388 979 4476 Apud
1017 4392 1153 4460 eundem
1191 4399 1305 4464 extant
1343 4396 1441 4470 haec:
