3392 5150
743 503 897 601 *ps-

260 691 352 774 ribus
374 689 602 768 tractabantur
628 688 663 756 iu
690 687 784 758 libris
804 686 951 773 donetis,
979 709 1036 758 sae
1062 693 1172 773 erent,
1201 688 1384 778 dequibus

259 795 386 864 edoceri
412 794 553 881 omnium
580 793 767 873 interesset,
802 811 865 876 uuo
894 788 1112 874 factumest,
1139 798 1177 862 ut
1204 794 1383 882 cogitarent

259 899 320 978 hnc
347 898 464 978 donum
493 895 549 963 uni
576 896 721 969 oblatum
747 915 806 982 per
828 894 1000 969 editionem
1021 894 1144 982 publici
1163 896 1245 966 iuris
1265 896 1381 966 facere.

239 1001 330 1077 lum
351 1021 451 1085 supro
471 999 761 1074 demonstravimus
783 1000 891 1083 (pli
914 1000 978 1084 sq.)
1005 999 1178 1072 comunes
1200 1001 1381 1085 scriptores,

260 1104 317 1190 qui
339 1125 360 1174 a
386 1104 489 1190 primo
518 1103 685 1172 musilium
715 1101 872 1178 heberent
898 1101 1019 1178 librum
1047 1103 1178 1186 edendi,
1206 1103 1298 1190 quasi
1324 1125 1383 1196 per

259 1208 397 1294 speeiem
411 1208 442 1277 ei
453 1207 657 1292 inscripsisse
666 1205 911 1288 dedicationem,
923 1210 960 1277 ut
969 1205 1066 1294 plura
1074 1207 1382 1293 exemplaseuirsot.

259 1310 432 1399 Scriptnrie
460 1311 563 1396 ipsius
594 1315 682 1380 certe
713 1311 872 1386 intererat
907 1308 1009 1379 libros
1044 1310 1182 1384 donatos
1216 1312 1315 1382 etiam
1349 1309 1382 1382 iu

259 1413 420 1508 publicum
455 1413 610 1489 ambiere.
657 1413 696 1479 Io
730 1414 799 1484 eius
833 1417 996 1498 potestate
1024 1414 1124 1498 igitur
1156 1418 1230 1503 erat
1264 1413 1383 1482 librum

259 1517 357 1591 cuiuis
379 1516 562 1596 dedicatum
590 1516 702 1598 edere,
733 1537 926 1602 quemquem
954 1516 983 1584 is
1006 1538 1149 1605 quoque,
1180 1517 1237 1603 qui
1258 1519 1384 1602 aceepit

258 1620 386 1702 librum,
403 1620 591 1705 permittere
607 1620 715 1705 putuit
731 1613 840 1688 amieis
852 1618 1103 1695 describendum.
1139 1620 1203 1690 Sed
1215 1621 1384 1709 consimile

258 1730 308 1802 est
337 1723 511 1800 silibonem
547 1745 606 1811 per
641 1722 851 1808 bibliopolam
886 1743 952 1794 nnn
987 1723 1108 1804 iactum
1141 1743 1213 1792 esse
1247 1725 1310 1792 nisi
1343 1747 1384 1795 ex

258 1848 417 1902 censensu
438 1828 586 1904 auctoris
602 1832 636 1894 et
663 1827 748 1909 eius,
777 1827 828 1899 cui
845 1827 999 1897 dicatum
1020 1831 1084 1908 est,
1112 1827 1145 1895 id
1175 1827 1261 1912 quod
1283 1849 1384 1912 snpra

258 1930 464 2017 exposuimus
486 1931 572 2015 apud
600 1929 795 2002 Ciceronem.
837 1929 900 2008 uui
927 1934 1098 2014 postquam
1128 1950 1209 2014 opus
1238 1929 1384 2016 perfecit,

256 2034 347 2105 breui
374 2039 519 2119 tempore
546 2033 728 2108 intermisso
757 2033 938 2117 exemplum
966 2033 1055 2102 misit
1082 2033 1125 2105 ad
1146 2032 1291 2102 Atticum
1317 2033 1383 2102 sire

258 2136 402 2210 librariis
424 2138 492 2206 eius
513 2135 704 2207 montaum
720 2135 812 2208 dedit
828 2136 950 2207 Romae
967 2135 1086 2208 librum
1103 2135 1312 2215 describendi,
1332 2137 1384 2204 edi

258 2244 368 2320 tamen
388 2239 502 2321 uoluit,
522 2240 713 2327 priusquam
733 2241 804 2325 ipse
825 2238 1008 2323 probasset.
1476 2327 1481 2340 Ι

343 2345 413 2412 Iam
441 2364 542 2428 supra
568 2347 691 2429 quanto
712 2342 746 2410 in
768 2343 890 2414 honore
918 2342 1017 2419 fuerit
1043 2341 1205 2413 dedicatio
1226 2341 1384 2412 librorum

258 2449 474 2532 expourimus.
517 2447 632 2532 Itaque
659 2447 704 2529 is,
734 2467 830 2531 quem
858 2452 974 2516 auctor
1001 2447 1135 2532 quidam
1161 2445 1224 2514 hoc
1250 2468 1383 2520 munere

258 2551 410 2635 dignatus
431 2555 517 2633 erat,
547 2551 711 2623 studuerit
731 2570 863 2618 necesse
884 2556 948 2633 est,
976 2556 1022 2632 ut,
1051 2550 1079 2622 si
1106 2548 1189 2620 liber
1219 2549 1384 2632 edebatur,

257 2653 470 2724 dedicationis
499 2659 580 2724 nota
609 2653 757 2725 omnibus
787 2653 942 2741 exemplis
971 2653 1225 2740 imprimeretur,
1255 2653 1307 2722 cui
1336 2654 1384 2724 rai

257 2757 411 2824 debemus
433 2761 502 2824 tam
524 2762 711 2824 accuratum
731 2755 890 2824 librorum
912 2756 1125 2825 dedicationis
1147 2754 1307 2827 notitiam.

343 2861 592 2947 Nonnumquam
626 2865 737 2929 nutem
767 2864 880 2931 auctor
907 2860 1002 2932 edere
1030 2881 1110 2946 opus
1137 2859 1286 2941 nolebat,
1321 2859 1384 2928 nisi

212 3017 214 3022 ,
256 2964 393 3048 tumeo,
415 2965 500 3049 eius,
538 2964 582 3032 ad
615 2985 712 3050 quem
740 2963 885 3049 scripsit,
922 2965 1130 3051 probaretur3
1166 2964 1384 3048 praelationes

257 3067 390 3138 Luxurii
417 3072 452 3136 et
473 3068 584 3149 Statii,
613 3067 730 3152 quibus
757 3066 820 3136 hoc
849 3067 1046 3149 continetur,
1074 3088 1175 3152 supra
1201 3074 1243 3152 (p.
1266 3069 1321 3154 te)
1349 3067 1383 3136 iu

258 3175 465 3255 conspectum
481 3173 674 3242 rccaumus.
709 3169 772 3238 Hic
788 3170 922 3238 Ausonii
938 3169 1027 3240 iudi
1050 3176 1205 3256 septem
1223 3171 1381 3255 sapien-

258 3274 359 3348 tium
379 3276 590 3361 prooemium,
612 3295 677 3360 quo
698 3275 778 3340 item
800 3273 900 3342 editio
921 3266 1123 3356 permittitur
1145 3273 1281 3344 arbitrio
1303 3273 1382 3357 eius,

259 3377 314 3462 qui
335 3377 463 3462 accipit,
485 3383 763 3458 commemoretur,
786 3376 834 3444 ed.
857 3376 984 3463 Peiperi
1005 3399 1036 3461 p.
1061 3379 1122 3444 169
1132 3399 1195 3463 ηιμ

346 3482 510 3551 Auectius
532 3501 613 3548 cerm.
637 3480 804 3564 Drepcm'o
818 3480 1003 3564 proconsuli
1023 3480 1083 3548 eut

332 3592 360 3652 2.
384 3585 521 3665 Auente,
543 3583 700 3666 Drepani,
716 3584 843 3668 perteue
863 3583 989 3652 iudicio.

387 3690 606 3773 Aequaoeimsss
625 3689 703 3772 fiens
724 3693 753 3756 te
773 3688 876 3758 euro
896 3689 960 3760 sine
981 3686 1112 3772 bunede

389 3789 460 3858 seco
481 3791 613 3876 uusado
627 3795 722 3874 paim
743 3795 896 3872 ommino,
919 3811 1000 3874 quac
1020 3789 1172 3860 dodinae.

388 3894 478 3963 Nora
494 3895 639 3977 prinam
659 3896 997 3974 cinewissem,
1022 3892 1149 3976 Pccotc,
1168 3895 1317 3979 fanum.

313 4002 362 4068 17.
383 3997 512 4064 Interea
532 3997 658 4064 ornem
676 3996 1001 4081 meromontem
1020 3999 1103 4066 mat

390 4099 517 4184 Optabo,
538 4103 575 4166 ut
588 4099 745 4183 placeam,
766 4100 797 4165 si
816 4101 932 4181 maus,
952 4105 989 4167 at
1009 4100 1134 4168 tutem

342 4203 482 4271 Tantum
503 4208 612 4271 autem
634 4202 741 4283 abest,
764 4207 802 4270 ut
822 4202 981 4270 Firminus
1002 4203 1183 4285 Maternus,
1205 4203 1261 4289 qui
1283 4223 1382 4287 supra

258 4327 323 4372 ncn
345 4307 447 4375 semel
464 4309 607 4374 animum
623 4310 771 4374 nostrum
787 4307 821 4373 in
839 4327 874 4374 ss
891 4307 1059 4392 conuertit,
1081 4305 1266 4375 matheseos
1282 4305 1382 4374 libros

259 4408 312 4476 edi
328 4409 415 4494 uelit
434 4417 470 4480 ut
485 4410 633 4480 Lolliano
651 4411 812 4498 expressis
829 4411 1001 4494 verbisne
1019 4409 1072 4481 coi
1088 4408 1258 4498 legendum
1270 4408 1382 4478 tradat
1440 4491 1443 4498 ι
