3392 5150
320 1315 1304 1438 ltmmmmmmmffimmm

660 1455 961 1550 additamenta.

211 1679 214 1686 ι
336 1643 382 1709 Ut
410 1641 506 1710 finem
536 1642 654 1709 faciam
684 1641 878 1722 disserendi,
911 1640 1067 1708 nonnulla
1096 1640 1196 1707 verba
1227 1638 1376 1708 addenda

251 1749 327 1811 sunt
355 1743 396 1812 de
424 1747 480 1828 iis,
508 1746 552 1812 ad
581 1765 662 1830 quos
690 1745 766 1812 libri
794 1745 881 1811 mitti
906 1743 1066 1813 solebant.
1110 1746 1216 1828 Atque
1237 1745 1376 1831 primum

250 1847 379 1933 quidem
407 1868 512 1933 pauca
541 1848 675 1916 doenda
705 1853 779 1915 sunt
809 1847 849 1915 de
879 1869 987 1928 more,
1006 1867 1069 1931 quo
1090 1847 1141 1913 sel
1163 1867 1259 1932 opus,
1288 1845 1376 1933 quod

251 1956 380 2017 constat
396 1972 460 2017 uno
477 1951 572 2032 libro,
590 1951 639 2017 vel
657 1953 772 2036 operis,
792 1949 879 2035 quod
895 1954 1026 2017 constat
1043 1947 1260 2037 compluribus
1273 1950 1376 2033 libris,

249 2052 394 2138 singulos
406 2053 509 2121 libros
522 2053 740 2140 compluribus
754 2053 942 2121 offerebant.
965 2053 1064 2121 Cuius
1081 2053 1129 2120 rei
1143 2051 1288 2139 exempla
1301 2058 1378 2119 sunt

252 2155 408 2244 Polyaeni
426 2158 671 2247 στρατηγήματα
689 2157 742 2242 (of
763 2177 904 2242 prooem.
918 2155 1057 2235 I-VIII
1075 2157 1229 2246 ἱερώταται
1247 2166 1378 2244 βασιλεῖς

250 2255 412 2330 Ἀντωνΐιε
440 2269 488 2330 καὶ
511 2257 623 2350 Ου’ἧρε)
652 2262 774 2326 donata
793 2259 838 2328 Μ.
861 2259 993 2326 Aurelio
1015 2265 1048 2326 et
1069 2259 1169 2342 Vero,
1197 2259 1292 2328 fratri
1319 2259 1377 2325 ad-

253 2364 362 2451 optivo
392 2363 550 2454 simulque
571 2363 698 2452 imperii
719 2363 821 2444 socio,
851 2363 1018 2450 Oppianus
1039 2362 1224 2431 Haliautica
1246 2363 1285 2449 (I,
1308 2365 1377 2452 lac)

252 2467 383 2533 mittens
411 2467 454 2534 M.
476 2467 606 2536 Aurelio
637 2465 769 2552 filioque
797 2465 987 2548 Commodo,
1017 2466 1211 2533 Plutarchus
1242 2465 1377 2532 offerens

251 2565 365 2657 γαμιιιιῖ
401 2573 640 2660 παραγγέλματα
669 2570 816 2637 Polliano
848 2569 974 2636 cuidam
1003 2571 1137 2654 eiusque
1162 2571 1255 2637 uxori
1283 2569 1378 2636 Euri·

251 2673 359 2756 diooe3
381 2671 422 2740 cf.
439 2674 552 2742 Moral.
571 2675 619 2741 ed.
638 2674 770 2741 Diibner
786 2673 803 2739 I
819 2696 850 2758 p.
872 2675 934 2740 164
954 2676 1049 2742 κοινὰν
1070 2675 1248 2761 ἀμφοτέροις
1270 2676 1379 2760 πέμπω

251 2775 359 2862 tripos,
389 2775 508 2844 librum
536 2787 602 2863 napi
628 2776 682 2866 τῆς
707 2782 739 2846 ἕν
765 2781 887 2870 Τιμαίῳ
909 2781 1094 2865 ψυχογονίας
1114 2775 1193 2843 filiis
1214 2775 1378 2843 Autobulo

252 2882 287 2944 at
303 2878 493 2958 Plutarch03
511 2881 551 2949 cf.
567 2879 683 2948 Moral.
698 2880 745 2947 ad.
758 2879 890 2946 Diibner
906 2879 940 2945 ΙΙ
956 2902 987 2966 p.
1003 2882 1094 2946 1238.
1113 2879 1267 2946 Videmus
1279 2880 1380 2968 igitur

251 2981 311 3048 bas
337 2981 556 3050 dedicationes
578 2981 684 3051 factas
707 3003 776 3050 esse
797 2983 841 3049 ad
861 2983 1006 3070 homines
1028 2981 1219 3068 cognatione
1241 2983 1379 3068 quadam

252 3085 300 3151 vel
323 3083 485 3153 affinitate
508 3085 710 3167 coniunctos,
733 3105 815 3171 quos
837 3086 949 3152 eodem
972 3085 1090 3170 oppido
1111 3084 1292 3167 habitasse,
1316 3107 1378 3171 quo

254 3191 396 3272 tempora
417 3188 538 3256 librum
561 3194 765 3276 acceperunt,
786 3189 854 3254 veri
876 3187 1029 3254 dissimile
1050 3208 1116 3254 non
1138 3194 1198 3256 est.

340 3289 486 3368 Quonam
510 3293 712 3376 'cognationis
733 3289 861 3357 vinculo
890 3291 1052 3380 coniuncti
1080 3291 1201 3358 Ararim
1221 3292 1379 3360 Eusebius

253 3395 287 3458 at
307 3391 503 3476 Florentius,
527 3394 643 3479 quibus
660 3393 822 3486 Aristides
840 3393 1059 3472 Quintilianus
1080 3395 1169 3461 misit
1188 3400 1256 3463 tres
1277 3395 1379 3462 libros

251 3504 318 3580 περὶ
339 3495 498 3585 μουσικῆς,
526 3499 704 3580 nescimus,
734 3499 919 3565 coniunctos
947 3498 1049 3565 fuisse
1070 3497 1262 3567 concludere
1282 3500 1378 3566 licere

251 3598 344 3666 nobis
367 3600 521 3683 exemplis
543 3601 808 3668 antecedentibus
830 3600 985 3668 arbitror.

336 3701 450 3791 Neque
471 3705 558 3787 apud
580 3707 741 3772 Romanos
763 3705 860 3772 aliter
880 3703 961 3770 baec
982 3723 1037 3770 res
1055 3724 1090 3772 se
1107 3705 1217 3771 habet.
1256 3705 1378 3774 Seneca

254 3809 289 3872 et
318 3807 476 3876 Asconius
506 3807 666 3875 Pedianus
699 3808 878 3894 complures
912 3807 1005 3874 simul
1038 3806 1124 3875 filios
1158 3807 1378 3893 alloquuntur,

251 3906 466 3977 Terentianus
489 3911 528 3979 ds
550 3909 684 3996 syllabis
705 3930 734 3976 s.
757 3912 820 3978 283
843 3911 935 3977 dicit:

378 4016 453 4080 baec
468 4016 573 4098 prisca
595 4014 738 4081 Barsine
755 4015 814 4099 oti,
835 4021 865 4081 et
884 4020 920 4081 tu
939 4035 1043 4099 perer,
1067 4013 1189 4082 Nouate
1209 4017 1263 4084 mi.

335 4116 508 4185 Horatium
536 4121 666 4183 artam
686 4117 908 4202 posticam,
938 4117 1095 4184 decimum
1121 4117 1316 4203 scriptorum
1337 4117 1377 4184 li-

251 4217 354 4303 brum,
377 4220 478 4289 mittit
490 4219 538 4304 ,ad
556 4221 701 4288 Pisones.
736 4221 868 4288 Fratres
890 4219 941 4302 ,in
959 4218 1120 4307 curiam,
1137 4227 1174 4287 ut
1191 4242 1252 4289 nos
1269 4223 1377 4304 dicere

251 4315 489 4405 consuevimus,
516 4325 691 4391 Timasium
719 4327 754 4390 et
773 4323 940 4406 Iacobum,
967 4324 1158 4411 Eutropium
1187 4332 1221 4391 et
1241 4325 1377 4393 Paulum

253 4425 454 4510 Augustinus
477 4426 623 4512 appellat
643 4427 677 4492 in
699 4425 793 4492 libris
814 4425 862 4493 dc
882 4432 1034 4497 natura
1054 4433 1095 4495 st
1117 4427 1257 4514 gratia
1271 4433 1377 4530 atque
