3392 5150
217 1179 275 1276 ΙΙΙ.
317 1176 434 1274 duae
473 1177 584 1272 ratio
624 1176 862 1272 intercedat
898 1175 1008 1272 inter
1043 1173 1344 1271 dedicationem

627 1336 672 1427 et
703 1331 936 1428 editionem.
1141 1355 1143 1359 ·

232 1527 235 1535 Α
262 1643 264 1648 ,
300 1570 447 1639 Vidimus
476 1571 669 1658 scriptorem
691 1568 810 1637 librum
833 1569 1004 1642 dedicandi
1026 1569 1196 1636 consilium
1218 1569 1346 1656 capien-

213 1681 287 1754 tem,
317 1675 454 1764 vidimus
483 1674 620 1740 eundem
648 1673 768 1740 librum
793 1694 887 1739 suum
910 1674 976 1739 sive
996 1673 1161 1758 inceptum
1184 1674 1249 1740 sive
1271 1693 1347 1761 per·

135 1797 141 1808 ·
214 1777 374 1846 tantuma
397 1776 512 1844 ceteris
535 1782 628 1844 certa
648 1773 774 1844 datione
796 1777 1058 1862 distinguentem.
1099 1777 1224 1843 Donum
1246 1776 1347 1862 igitur

213 1881 394 1969 perlectum
416 1881 463 1962 ei,
490 1879 540 1948 ad
562 1901 658 1974 quem
686 1881 883 1947 destinatum
913 1885 980 1960 est,
1010 1880 1094 1972 mitti
1116 1885 1233 1968 potest.
1276 1879 1347 1947 lam
1402 1947 1405 1954 ,

215 1986 362 2070 quaestio
388 1985 513 2068 oritur,
549 1991 657 2054 utrum
687 1985 733 2054 ad
760 1983 998 2053 dedicationem
1026 2006 1105 2070 opus
1134 1985 1178 2052 eit
1206 1983 1347 2052 editione

213 2110 272 2175 per
299 2086 511 2173 bibliopolam
538 2087 752 2176 perficienda,
780 2109 822 2155 an
850 2087 969 2154 librum
998 2088 1043 2156 ad
1067 2087 1206 2156 amicum
1231 2086 1283 2155 rel
1304 2087 1347 2155 ad

212 2188 388 2276 patronum
410 2193 539 2259 mittere
561 2196 616 2259 sat
636 2191 745 2258 fuerit.
786 2191 889 2271 Quam
906 2192 1129 2276 quaestionem
1146 2191 1213 2258 iam
1228 2191 1347 2278 proba·

213 2294 322 2362 biliter
353 2295 476 2362 solvere
504 2315 675 2380 possumus
697 2315 855 2380 perpensa
876 2295 949 2381 ipsa
970 2295 1100 2380 notione
1122 2293 1349 2365 dedicationis.

214 2399 321 2486 Supra
344 2398 516 2466 statuimus
539 2398 778 2466 dedicationem
800 2419 859 2483 pro
882 2398 965 2464 dono
988 2399 1126 2484 (manne,
1146 2397 1256 2485 δῶρον)
1277 2419 1348 2466 esse

214 2501 444 2588 accipiendam.
488 2501 586 2568 Liber
612 2501 713 2588 igitur
736 2501 912 2582 dedicatus,
940 2506 978 2567 ut
998 2522 1125 2587 munus,
1154 2501 1223 2568 eius
1244 2501 1348 2586 potis-

165 2587 174 2606 ’
217 2607 332 2682 nimum
360 2605 510 2692 proprius
538 2611 604 2687 est,
639 2607 681 2673 ad
711 2626 806 2690 quem
833 2605 983 2672 mittitur.
1027 2605 1106 2670 Tum
1134 2607 1220 2671 inter
1246 2604 1348 2672 libros

215 2711 382 2778 dedicatos
402 2731 461 2795 per
492 2732 526 2778 se
555 2710 771 2795 spectavimus
793 2709 966 2797 epistulae:
995 2729 1035 2776 ne
1058 2710 1198 2794 epistula
1219 2711 1348 2796 quidem

214 2816 326 2882 statim
354 2813 477 2898 publici
505 2814 587 2880 iuris
615 2820 680 2897 est,
712 2814 771 2881 sed
798 2814 933 2902 propria
962 2813 1048 2892 eius,
1079 2814 1122 2881 ad
1152 2835 1245 2898 quem
1270 2815 1347 2882 data

215 2924 274 2984 est.
314 2917 557 2985 Dedicationem
579 2919 681 3002 igitur
703 2919 730 2985 si
752 2918 813 2985 hoc
834 2917 930 2985 modo
952 2923 1144 3002 spectamus,
1172 2917 1261 2985 haud
1283 2917 1347 2984 dii·

214 3021 298 3091 ficile
327 3021 530 3090 concluditur
558 3022 627 3088 sine
656 3021 799 3088 editione
825 3023 923 3110 plane
945 3013 1102 3088 consere
1115 3035 1220 3105 posse,
1249 3043 1348 3107 quam

215 3146 318 3191 meam
347 3121 540 3215 sententiam
568 3124 665 3191 etiam
695 3125 890 3194 testimoniis
920 3125 1017 3192 claris
1039 3125 1183 3209 ipsorum
1204 3131 1348 3192 ueterum

217 3229 408 3313 scriptorum
433 3229 547 3296 fulcire
567 3249 707 3313 possum.

300 3347 426 3416 Primus
442 3371 503 3436 pro
519 3347 617 3416 nobie
632 3353 771 3416 testetur
786 3348 1014 3430 antilianue,
1032 3348 1124 3415 cuius
1143 3349 1242 3433 operi,
1261 3348 1348 3433 quod

215 3451 404 3521 inscribitur
431 3452 637 3521 institutio
662 3454 851 3534 oratoria,
878 3453 1101 3537 praescriptae
1124 3459 1199 3519 sunt
1220 3452 1349 3520 litterae

215 3556 259 3623 ad
286 3557 489 3642 Tryphonem
516 3556 742 3641 bibliopolam:
773 3557 974 3641 sfflnpitceti,
1003 3562 1040 3623 nt
1067 3556 1178 3640 libros,
1206 3577 1285 3639 quos
1306 3557 1350 3624 cd

220 3660 413 3727 Marcellum
430 3708 439 3726 .
457 3707 465 3724 .
485 3706 492 3721 .
514 3661 714 3742 sumpseram,
743 3661 811 3726 dnm
832 3662 969 3726 emittere
989 3661 1150 3743 inopiam
1193 3657 1348 3726 Precibus

215 3760 339 3851 scilicet
366 3763 534 3843 lectorum,
565 3783 703 3848 quorum
724 3763 759 3828 in
784 3765 932 3830 notitiam
954 3767 1087 3828 venerat
1115 3759 1349 3840 Quintilianum

214 3863 289 3932 illos
320 3865 424 3933 libros
455 3867 689 3952 composuisse,
719 3866 878 3934 adductus
899 3866 1028 3953 Trypho
1052 3865 1286 3945 Quintilianum
1307 3865 1350 3933 ad
1486 3861 1489 3872 ⁴

214 3971 389 4038 editionem
418 3963 584 4054 impellere
611 3969 722 4036 voluit.
769 3969 859 4055 Opus
887 3971 989 4056 igitur
1018 3967 1197 4053 perfeetum
1225 3969 1290 4037 iam
1313 3970 1349 4036 in

214 4074 364 4141 manibus
387 4077 459 4139 erat
486 4073 600 4140 Vitorii
624 4071 781 4156 Marcelli,
806 4072 840 4139 id
865 4074 952 4158 quod
974 4074 1007 4139 iu
1032 4072 1349 4159 plusquamperfecto

213 4180 365 4245 miseram
396 4175 475 4244 mihi
502 4178 609 4244 inesse
634 4175 770 4243 videtur.
815 4175 1020 4262 Singulorum
1047 4176 1163 4243 deinde
1190 4175 1348 4242 librorum

215 4279 474 4364 praefationibus
511 4279 680 4348 edocemur
715 4279 816 4346 libros
850 4280 926 4347 illoe
960 4279 1035 4346 inde
1066 4301 1087 4346 a
1115 4281 1217 4370 primo
1252 4279 1348 4346 unius

216 4383 362 4452 Marcelli
384 4384 417 4450 in
446 4405 538 4452 usum
568 4405 639 4454 esse
667 4385 876 4472 conscriptos,
905 4383 1023 4471 qrribus
1052 4383 1224 4452 duceretur
1245 4381 1349 4454 filium
