3392 5150
813 405 966 514 „q-

326 603 458 693 petenti,
483 604 518 671 id
538 603 629 690 quod
661 602 813 670 discimus
849 623 889 668 ex
924 602 1028 686 prima
1061 600 1157 687 primi
1189 599 1266 667 libri
1286 595 1454 684 epistula:

325 712 504 794 frequenter
524 707 669 774 hortatus
691 727 738 787 es,
759 711 796 774 ut
816 706 984 790 epistulas,
1005 689 1036 772 si
1057 727 1137 790 quus
1156 705 1255 789 poulo
1275 705 1454 770 moesos

324 813 539 897 scripsissem,
583 811 758 897 eolliperom
796 809 1066 895 pubbooremqm,
1116 807 1313 875 collectio
1356 807 1454 892 igitur

327 915 547 1000 epistularum,
570 936 636 981 non
657 913 802 998 sinpnlm
824 912 983 999 epistulae
1004 913 1145 980 donatae
1166 916 1251 978 suut

411 1018 549 1086 Praeter
593 1015 735 1084 Plinium
783 1016 990 1084 Lactantium
1028 1023 1062 1083 et
1095 1017 1277 1083 'Varronem
1324 1011 1454 1080 litteras

327 1121 467 1189 edidisse
486 1121 536 1188 vel
556 1121 742 1188 litterarum
770 1118 906 1187 formam
934 1119 1120 1188 adhibuisse
1141 1118 1355 1204 eognovimus.
1394 1115 1456 1184 Hic

326 1228 534 1312 quaestiones
551 1228 673 1293 tractat
690 1224 732 1290 ad
745 1224 1105 1310 artemgrammatieam
1117 1228 1151 1289 et
1163 1223 1339 1290 oratoriam
1351 1219 1401 1286 vel
1414 1220 1455 1286 ad

327 1325 542 1415 antiquitates
571 1333 756 1412 spectantes
781 1328 973 1413 litterasque
994 1328 1097 1396 mittit
1118 1327 1161 1394 ad
1183 1326 1365 1405 Gaesarem,
1393 1324 1455 1392 Fa·

326 1433 425 1513 bium,
447 1431 580 1511 Fufium,
603 1429 792 1498 Marcellum
814 1431 910 1500 alios:
939 1431 1028 1517 apud
1057 1432 1194 1498 Gellium
1220 1431 1354 1516 legimus
1375 1425 1457 1492 haee

330 1536 440 1624 xlv,:
485 1535 600 1602 Varro·
621 1537 668 1601 ott
696 1537 733 1602 iu
767 1535 880 1602 litteris
907 1537 951 1604 ool
982 1535 1178 1621 Oppiorum,
1212 1555 1294 1620 quoe
1320 1537 1396 1600 suut
1421 1533 1457 1597 iu

327 1640 408 1707 lrbro
441 1640 674 1723 epistolieorum
708 1641 927 1724 quaestorum
962 1645 1085 1724 quarto.
1135 1639 1261 1726 XIV„:
1297 1639 1332 1704 iu
1369 1635 1457 1716 libro,

327 1767 389 1830 quo
416 1764 518 1829 supro
549 1744 633 1822 sliri,
671 1743 720 1809 M.
757 1743 859 1810 Varro
887 1745 1023 1827 epistula
1051 1743 1094 1810 ud
1128 1742 1308 1828 Oppianum
1337 1741 1458 1823 scriptu

328 1855 492 1922 acoemetus
521 1854 574 1914 est.
618 1847 776 1914 Videntur
803 1846 903 1932 igitur
930 1849 1111 1934 complures
1138 1867 1203 1913 uno
1226 1844 1308 1918 libro
1331 1845 1457 1910 stetisse

328 1951 496 2039 epistulae,
514 1973 591 2017 num
608 1971 719 2018 omnes
737 1951 872 2018 eandem
885 1953 1046 2037 gesserint
1061 1950 1301 2036 inscriptionem
1317 1950 1457 2030 itemque
1542 2033 1546 2044 1

328 2048 405 2124 num
434 2055 469 2121 in
490 2075 623 2121 numero
645 2054 885 2124 dedicationum
909 2054 1078 2122 habendae
1109 2055 1174 2121 sint
1202 2051 1380 2120 diiudicare
1407 2051 1459 2118 hie
1585 2063 1589 2068 '

328 2165 418 2228 certe
439 2159 519 2226 loeis
540 2179 605 2227 uon
625 2179 807 2243 possumus.
1400 2154 1405 2174 ‘

413 2264 463 2330 Ne
492 2262 654 2328 Lactantii
688 2261 818 2346 quidem
852 2263 981 2329 litterae
1013 2263 1106 2349 ipsae
1137 2267 1343 2330 conservatae
1372 2265 1457 2340 suot,
1562 2355 1564 2358 v
1677 2237 1678 2252 ,

329 2387 424 2452 quem
445 2366 506 2433 bac
526 2365 631 2432 forma
650 2387 744 2432 usum
766 2387 837 2433 esse
851 2366 1011 2451 imprimis
1028 2386 1069 2432 ex
1086 2367 1281 2451 Hieronymo
1299 2365 1458 2444 discimus,

330 2471 369 2538 oi
390 2471 448 2537 vir.
469 2470 514 2536 ill.
538 2473 595 2534 80:
618 2470 662 2536 uri
681 2469 821 2536 Probum
841 2471 1050 2554 epistularum
1072 2471 1145 2538 libri
1163 2470 1224 2552 IV,
1247 2472 1292 2538 ao
1310 2469 1459 2538 Soomum

329 2575 539 2659 epistrolormu
568 2573 642 2639 libri
664 2572 713 2653 11,
743 2574 787 2640 od
808 2573 1050 2642 Demetriouum
1078 2573 1254 2641 ouclimrem
1274 2594 1369 2640 suum
1395 2575 1457 2657 epi·

328 2678 488 2744 stolorum
510 2677 606 2742 libros
628 2676 675 2742 11
691 2681 724 2742 et
745 2679 912 2743 commin
933 2698 981 2762 ep.
1003 2676 1046 2742 ad
1069 2675 1141 2744 Gal.
1165 2678 1328 2745 Iuctoutii
1347 2679 1458 2760 uasti,

330 2802 410 2866 quoe
437 2783 472 2846 iu
500 2782 591 2846 tortio
618 2781 662 2846 ool
685 2780 825 2846 Probum
848 2783 1002 2848 volumius
1024 2785 1083 2846 eto.
1128 2779 1214 2860 Quas
1238 2782 1394 2866 epistulas
1417 2781 1457 2847 ad

330 2883 426 2951 fidem
462 2881 721 2952 Christianorum
760 2883 1010 2951 confirmandam
1050 2884 1192 2970 scriptas
1227 2885 1458 2971 dedicatosque

330 2987 487 3054 existimo.

416 3090 539 3157 Gellius
561 3090 698 3174 denique
720 3090 746 3156 V
768 3097 830 3179 21,
856 3089 895 3157 de
920 3090 1030 3158 Sinnio
1048 3092 1205 3179 Capitone
1227 3092 1306 3159 haec
1330 3098 1458 3159 narrat:

338 3194 434 3262 Siout
466 3194 627 3278 0111111111
655 3197 827 3278 doctissimi
853 3197 917 3261 oiri
945 3197 1098 3279 epistodm
1126 3202 1202 3262 suot
1227 3217 1291 3262 omo
1317 3199 1352 3262 iu
1380 3196 1460 3262 libro

329 3297 449 3364 multoe
473 3299 603 3381 positae,
629 3300 738 3382 primu
766 3300 902 3382 mouile
922 3301 1043 3383 scripto
1063 3305 1109 3365 est
1130 3299 1173 3365 ud
1196 3301 1371 3366 Pacuuium
1393 3297 1459 3366 Lo·

331 3401 484 3467 beroem.
510 3448 517 3462 .
540 3451 547 3467 .
569 3403 606 3468 iu
627 3423 665 3467 eo
685 3403 824 3468 rationes
839 3405 1067 3488 prommoticas
1088 3405 1237 3486 esposuit.
1278 3402 1366 3469 Idem
1385 3401 1459 3469 Gel-
1590 3429 1591 3432 ¹

329 3503 394 3570 lius
416 3503 445 3568 V
464 3507 524 3591 20,
556 3505 692 3571 eundem
720 3511 951 3571 commemorat
971 3505 1114 3572 Sinnium
1136 3503 1188 3572 bis
1211 3505 1334 3572 verbis:
1366 3505 1400 3577 S.
1424 3507 1457 3572 0.

330 3609 366 3674 iro
388 3609 509 3688 litteris,
530 3628 611 3691 quos
632 3609 676 3675 ool
702 3609 850 3676 Clodium
870 3609 1006 3675 ilosoum
1028 3609 1121 3688 dedit,
1144 3630 1249 3693 neque
1266 3630 1340 3675 vero
1358 3609 1458 3676 adicit

330 3711 413 3778 hano
435 3711 607 3796 epistulam
628 3710 693 3794 legi
714 3711 750 3776 in
771 3712 835 3778 alio
856 3710 951 3796 libro,
975 3733 1070 3796 quam
1094 3733 1189 3796 quem
1207 3734 1304 3797 supra
1322 3733 1459 3779 comme-

330 3817 479 3897 moravit,
505 3815 616 3900 itaque
647 3815 679 3880 in
702 3814 808 3880 medio
834 3814 989 3899 relinquit
1016 3815 1111 3881 huius
1140 3814 1217 3881 libri
1245 3837 1321 3882 num
1349 3838 1458 3884 omnes

295 3911 489 4005 'epistulae
510 3916 653 3986 habeant
675 3941 771 3986 uuam
793 3923 891 4004 atque
913 3920 1048 3987 eandem
1069 3919 1321 4004 inscriptionem.
1366 3921 1459 3987 Hanc

331 4025 551 4110 quaestionem
572 4023 671 4108 igitur
691 4023 724 4087 in
747 4023 882 4106 ancipiti
903 4023 1147 4106 relinquendam
1169 4045 1238 4091 esse
1260 4023 1414 4093 dolemus.

415 4127 509 4195 Certe
526 4127 664 4215 denique
681 4129 714 4193 in
731 4147 864 4193 numero
882 4127 1102 4212 epistularum,
1120 4127 1236 4212 quibus
1254 4130 1459 4210 quaestiones

330 4231 374 4300 ad
399 4230 526 4299 litteras
549 4237 735 4319 spectantes
756 4236 954 4311 uastantur,
983 4228 1133 4297 habenda
1156 4235 1233 4297 sunt
1252 4231 1460 4300 iurisconsul-

329 4341 436 4412 torum
467 4337 602 4428 scripta,
638 4356 721 4429 quae
752 4356 815 4409 nou
846 4355 923 4410 raro
953 4334 1129 4410 laudantur
1159 4334 1219 4408 sub
1250 4332 1346 4408 titulo
1385 4337 1460 4412 ture·
