3392 5150
782 489 785 496 ,
859 415 878 496 d

796 524 949 532 ...—

308 620 434 707 accipit,
452 626 491 688 ut
509 620 650 706 gratiam
664 621 818 702 reserant,
832 626 869 687 ut
881 616 1080 705 praesidium
1095 626 1126 687 et
1139 618 1282 688 favorem
1297 619 1436 689 alicuius

310 730 497 811 comparent
514 727 650 792 auctori.
686 727 747 806 Qui
764 725 825 791 tali
846 724 881 790 in
898 723 1101 791 dedicatione
1122 724 1320 809 perficienda
1340 726 1437 810 plane

308 829 393 895 idem
414 829 485 915 agit
506 833 607 914 atquo
629 829 763 910 artifex,
794 829 850 913 qui
871 848 969 894 manu
990 827 1113 893 factum
1142 828 1317 895 artificium
1338 829 1438 894 donat

309 932 386 1014 deo3
415 953 491 998 nam
520 932 592 999 fieri
619 937 742 1017 potest,
769 937 807 998 ut
834 932 903 1016 ipse
934 931 1053 997 artifex
1082 931 1201 1008 donum
1231 931 1347 999 offerat
1368 933 1438 1014 deo,
1501 971 1511 998 ι

309 1036 372 1102 etsi
392 1036 581 1121 plerumque
607 1040 715 1103 iussus
745 1035 787 1102 ab
810 1035 873 1101 alio
903 1033 1010 1120 fingit,
1039 1055 1122 1120 quae
1144 1034 1196 1099 hio
1219 1035 1280 1101 deo
1302 1035 1438 1104 dedicet.

307 1138 425 1224 Itaque
447 1142 588 1225 scriptor
611 1145 645 1206 et
667 1139 786 1206 artifex
803 1139 930 1219 donum,
953 1157 1017 1223 quo
1034 1139 1157 1204 nullum
1174 1143 1284 1223 potest
1301 1139 1440 1224 cogitari

307 1245 494 1328 pretiosius,
517 1243 605 1310 dant.
642 1243 735 1322 Quod
752 1242 985 1310 obversabatur
1006 1242 1130 1324 animis,
1153 1244 1334 1327 exprimunt
1356 1243 1440 1310 alter

310 1347 400 1412 caelo
415 1348 465 1414 vel
481 1347 633 1431 penicillo
648 1348 732 1413 alter
746 1346 880 1412 calamo.
910 1344 994 1412 Sane
1006 1345 1301 1430 praeclarissimum
1315 1368 1439 1428 munus,

310 1469 374 1536 quo
396 1451 434 1532 is,
459 1452 514 1534 qui
536 1451 631 1536 quasi
653 1449 791 1536 effigiem
808 1452 927 1516 mentis
944 1451 1088 1516 auctoris
1110 1450 1238 1534 accipit,
1260 1451 1347 1515 iusto
1369 1450 1440 1516 iure

314 1552 481 1639 glorietur
520 1554 623 1640 Magis
646 1556 745 1621 etiam
767 1553 898 1639 proprie
921 1552 1104 1638 comparari
1125 1558 1235 1636 potest
1251 1552 1440 1638 hymnorum

310 1657 465 1743 scriptor3
499 1657 637 1743 hymnus
676 1658 743 1724 sive
777 1661 895 1744 poetae
928 1657 994 1722 sive
1035 1657 1175 1723 civitatis
1210 1656 1340 1732 nomine
1380 1657 1441 1722 deo

311 1759 448 1843 dicatur,
473 1760 556 1827 liber
578 1762 708 1829 dicatur
728 1760 858 1826 homini.

396 1864 561 1943 Quomodo
594 1886 667 1931 cum
698 1863 893 1948 explicemus
922 1863 1167 1945 dedicationem,
1200 1862 1325 1931 scilicet
1348 1865 1441 1947 quasi

310 1966 430 2033 donum
442 1967 551 2049 fuerit,
568 1968 708 2036 fontium
718 1989 777 2053 ope
787 1966 875 2033 haud
886 1967 1103 2048 destituimur,
1111 1989 1181 2034 oum
1190 1968 1280 2033 dicat
1288 1965 1441 2034 Manetho

312 2070 381 2150 (Ill.
401 2071 457 2137 sol.
477 2092 506 2139 a.
526 2071 601 2140 Chr.
619 2079 663 2152 n.)
682 2071 722 2137 de
740 2071 943 2137 dedicatione
962 2072 1067 2156 operis
1087 2073 1136 2137 sui
1158 2071 1201 2137 ad
1222 2071 1443 2138 Ptolemaeum

215 2248 217 2254 Α
310 2172 402 2241 facta
423 2175 481 2256 ita,
504 2175 602 2260 quasi
619 2175 648 2241 si
666 2174 785 2240 donum
803 2174 858 2240 det
876 2177 917 2242 ei:
940 2174 1023 2260 δῶρα
1041 2175 1126 2263 φέρω
1148 2172 1339 2261 (οἷποτελεσμ.
1357 2174 1383 2255 I,
1403 2179 1442 2254 3).

397 2277 593 2345 Plutarchus
624 2280 802 2363 alloquitur
830 2279 1000 2363 Nigrinum
1029 2285 1062 2344 et
1084 2277 1237 2356 Quintum
1264 2278 1315 2344 his
1336 2277 1443 2344 verbis

311 2382 392 2467 (περὶ
410 2388 609 2472 φιλαδελφίας
626 2407 653 2448 e.
672 2389 686 2448 l
708 2382 757 2449 ed.
771 2383 903 2448 Diibner
920 2383 981 2448 vol.
999 2381 1025 2446 I.
1044 2403 1074 2466 p.
1091 2387 1188 2462 579.)τ
1206 2385 1241 2449 τὸ
1258 2382 1444 2469 σύγγραμμα

310 2483 400 2554 τοῦτο
432 2482 605 2575 οῗνατίθημι
635 2538 642 2552 .
674 2537 681 2552 .
712 2537 718 2552 .
747 2491 822 2572 ὑμῖν
846 2535 852 2549 .
877 2535 884 2550 .
908 2537 914 2550 .
943 2483 1055 2572 δωρον,
1093 2506 1158 2569 qua
1186 2485 1222 2550 in
1249 2505 1285 2550 ro
1313 2490 1443 2569 praeter

311 2609 420 2655 vocem
453 2589 550 2678 δῶρον
586 2589 796 2656 memorabile
828 2593 877 2655 est
912 2592 945 2653 et
980 2588 1067 2672 qnod
1102 2594 1279 2673 usurpatur
1308 2589 1441 2654 verbum

311 2687 490 2762 decertabat
513 2698 546 2758 et
571 2694 659 2778 quod
684 2713 766 2764 unus
790 2692 874 2759 liber
897 2691 1075 2778 inscriptus
1093 2697 1145 2757 est
1162 2691 1287 2758 duobus
1305 2691 1441 2758 homini-

312 2795 371 2861 bus
395 2795 536 2883 (quade
558 2817 595 2862 re
616 2795 703 2862 infra
726 2796 831 2862 fusius
854 2802 1007 2880 agemus).
1045 2795 1158 2880 Neque
1179 2794 1285 2861 minus
1302 2795 1442 2860 Pseudo·

313 2899 476 2966 Lucienus
499 2900 690 2979 Quintilium
713 2899 874 2986 quendam
897 2899 1067 2982 appellans
1084 2899 1117 2964 in
1134 2899 1228 2980 libro,
1251 2899 1308 2983 qui
1328 2899 1462 2964 inseri·-

311 3002 400 3068 bitur
421 3003 588 3092 μακρόβια,
610 3007 714 3071 utitur
734 3003 841 3070 verbis
864 3022 890 3070 c.
913 3008 946 3067 l:
968 3006 1129 3089 προσφέρω
1151 3030 1197 3071 σοι
1218 3002 1318 3088 δῶρον.
1423 3025 1425 3030 ’

397 3106 594 3186 Quinetiam
607 3109 799 3192 compluries
812 3106 990 3172 invenimus
1003 3104 1105 3173 libros
1120 3107 1171 3170 die
1188 3105 1291 3172 natali
1305 3103 1441 3171 donatos

313 3213 412 3294 atque
442 3199 496 3277 eos
518 3211 665 3296 Dionysii
686 3209 940 3290 Halicarnassei,
968 3210 1103 3276 Luciani
1129 3209 1228 3291 (Pa),
1258 3209 1442 3294 Phryniohi,

311 3313 485 3394 Censorini,
507 3316 564 3398 qui
585 3315 648 3398 ipsi
668 3336 727 3398 pro
749 3315 844 3381 nobis
862 3318 1033 3380 testentur.
1067 3313 1242 3398 Dionysius
1259 3312 1378 3379 librum
1396 3313 1443 3378 de
1525 3372 1527 3376 ,

312 3418 612 3501 compositione
634 3417 840 3484 verborum
862 3419 962 3483 mittit
979 3415 1063 3482 Rufo
1081 3416 1205 3483 Malitio
1223 3418 1368 3483 Romano
1390 3416 1442 3482 his

192 3583 202 3600 ,
311 3519 417 3587 verbis
431 3541 509 3586 usus
523 3542 549 3588 ο.
567 3524 600 3586 1:
618 3525 712 3607 δῶρόν
724 3551 768 3590 τοι
783 3530 833 3589 καί
849 3517 919 3608 ἐγώ,
938 3523 1039 3589 τέκνον
1057 3525 1135 3608 φίλε,
1150 3519 1241 3589 τοῦτο
1254 3524 1364 3606 δίδωμι
1382 3574 1389 3586 .
1407 3574 1414 3586 .
1433 3571 1440 3585 .

311 3623 433 3712 πρωτην
462 3619 578 3711 ἡμέραν
612 3620 714 3712 ἄγοντι
743 3627 860 3712 ταύτην
888 3627 1044 3711 γενέθλιον
1073 3645 1138 3706 eqs.
1167 3625 1355 3710 Μακρόβιοι,
1387 3623 1443 3706 qui
1475 3707 1482 3721 1

312 3726 395 3793 falso
424 3728 630 3794 ascribuntur
651 3728 809 3808 Luciano,
839 3729 892 3794 die
917 3727 1020 3792 natali
1042 3729 1130 3794 missi
1153 3726 1293 3794 suntad
1316 3727 1441 3806 Quinti·

310 3833 399 3912 lium,
417 3831 452 3897 id
470 3830 558 3916 quod
575 3830 816 3928 demonstratur
833 3830 940 3897 verbis
958 3851 985 3896 c.
1004 3835 1037 3896 2:
1057 3829 1172 3919 ταύτην
1190 3821 1442 3917 circinandam

311 3941 443 4022 νομίζων
452 3935 508 4024 τήν
521 3965 555 4022 γε
568 3934 628 4002 τῶν
642 3935 703 4005 σῶν
715 3940 880 4022 γενεθλίων
893 3931 1010 4022 ἡμέραν
1024 3939 1133 4020 δίδωμί
1147 3963 1202 4002 σοι.
1225 3932 1441 4018 Phrynichum

312 4039 450 4124 denique
466 4039 585 4105 librum
603 4040 750 4106 natalicii
768 4039 828 4105 sub
846 4037 943 4104 titulo
962 4038 1120 4104 obtulisse
1138 4036 1292 4102 Aristocli
1314 4035 1442 4120 cuidam

311 4143 414 4210 tradit
442 4143 576 4210 Photide
607 4144 687 4214 (cod.
714 4149 785 4224 158)
814 4131 899 4208 huno
928 4141 961 4207 in
984 4141 1128 4208 modum:
1157 4139 1278 4208 παιδιάν
1304 4169 1370 4207 τινα
1392 4143 1442 4232 τῇ

312 4251 459 4341 γενεθλίῳ
493 4244 591 4340 ἡμέρᾳ
619 4245 674 4314 sod
694 4249 919 4342 ΙἈριστοκλέους
948 4241 1160 4348 οἷρμόττονσαν
1193 4243 1443 4335 φιλοτιμούμενος

313 4355 454 4448 γενέσθαι
476 4347 531 4446 τήν
553 4353 680 4446 γραφήν.
