3392 5150
799 419 817 488 3
939 445 943 454 .

731 512 885 522 ———--

244 635 347 700 usque
369 612 413 681 ad
435 617 587 700 quartum
609 617 644 679 et
666 611 810 696 quintum
833 617 909 696 post
927 609 1000 676 Chr.
1019 632 1049 675 n.
1067 588 1198 677 saecula
1219 607 1374 696 indagare

245 720 366 787 studui.
411 717 541 785 Ultimis
570 717 695 783 duobus
718 715 856 781 saeculis
878 733 943 780 non
966 733 1086 794 omnes,
1115 736 1195 799 quos
1216 719 1373 800 poteram,

245 824 422 909 scriptores
449 821 634 909 perquisivi,
663 840 736 884 cum
757 817 836 884 mihi
856 817 1094 902 persuaderem,
1123 817 1159 883 id
1177 820 1206 884 si
1226 819 1373 902 iacerem,

245 926 315 993 fore
337 931 375 991 ut
402 925 553 990 materies
583 927 745 990 cresceret
765 923 800 988 in
821 922 1025 1012 immensum,
1054 942 1158 1004 neque
1180 921 1373 1004 dubitarem,

246 1033 325 1115 quin
341 1030 388 1096 vis
411 1027 625 1094 dedicationis
642 1027 739 1113 plane
757 1025 910 1111 cognosci
927 1029 1040 1111 posset
1057 1025 1213 1110 exemplis
1230 1025 1373 1113 priorum

247 1134 448 1200 saeculorum
478 1129 718 1198 accuratissime
747 1129 903 1197 collectis.
947 1129 1054 1212 Atque
1076 1137 1188 1194 eorum
1210 1150 1311 1213 usque
1332 1129 1375 1196 ad

245 1237 302 1302 III.
323 1234 488 1301 saeculum
506 1258 537 1319 p.
558 1234 633 1300 Chr.
651 1257 682 1299 n.
701 1239 781 1317 quot
802 1233 938 1299 inveniri
959 1237 1136 1316 potueruut
1153 1234 1205 1298 via
1228 1239 1316 1300 certa
1337 1255 1376 1302 art

246 1341 387 1421 ratione,
415 1340 575 1405 invenisse
604 1337 683 1403 mihi
708 1325 833 1419 videor,
858 1337 975 1422 quibus
997 1357 1081 1404 nova
1103 1336 1290 1403 additurum
1311 1358 1376 1403 uon

245 1449 325 1532 puto
343 1444 406 1510 nisi
423 1462 505 1524 eum,
523 1443 580 1527 qui
598 1440 733 1508 fortuito
752 1442 839 1526 apud
858 1441 1049 1524 scriptorem
1068 1441 1225 1523 quendam
1241 1460 1369 1506 comme·

245 1547 459 1613 morationem
482 1545 692 1612 dedicationis
715 1544 884 1610 cuiusdam
904 1543 1068 1610 invenerit.
1109 1543 1225 1627 Itaque
1248 1549 1376 1610 conteu-

246 1651 323 1716 dere
351 1650 427 1716 nolo
455 1670 506 1715 me
536 1669 645 1716 omues
674 1648 895 1714 dedicationes
919 1668 939 1712 a
967 1647 1072 1730 primo
1092 1637 1186 1712 initio
1208 1667 1312 1731 usque
1335 1645 1378 1713 ad

247 1755 395 1840 quintum
417 1752 584 1820 saeculum
608 1753 759 1819 continuo
781 1751 894 1818 ordine
916 1750 1082 1835 praebere,
1109 1749 1166 1815 sed
1187 1771 1377 1835 persuasum

249 1858 355 1924 habeo
385 1862 437 1924 sat
463 1858 585 1923 multas
607 1856 686 1921 mihi
707 1861 839 1940 praesto
861 1875 940 1936 esse,
969 1857 1007 1918 ut
1029 1872 1137 1918 omnes
1159 1853 1376 1936 quaestiones,

247 1983 330 2048 quae
358 1963 392 2027 in
427 1959 683 2045 contemplandis
712 1958 867 2044 exemplis
896 1958 973 2023 oriri
1001 1961 1153 2042 possunt,
1187 1957 1284 2042 plane
1314 1957 1377 2022 sol·

247 2071 372 2145 vantur,
402 2065 489 2149 quod
518 2063 672 2148 perficere
698 2061 800 2130 malui
822 2083 920 2148 quam
942 2082 1108 2127 numerum
1131 2061 1272 2127 omnium
1295 2062 1378 2127 anti·

248 2171 319 2255 quis
348 2167 550 2254 temporibus
579 2167 742 2235 factarum
771 2167 1009 2234 dedicationum
1035 2171 1195 2247 statuere,
1225 2165 1379 2248 quinum

249 2273 378 2339 omnino
398 2292 459 2357 pro
481 2275 569 2337 certo
592 2271 744 2338 constitui
767 2273 870 2356 possit
891 2270 985 2338 valde
1007 2269 1130 2336 dubito.

333 2375 491 2442 Fontibus
513 2397 591 2442 usus
614 2397 686 2442 sum
706 2377 787 2460 ipsis
806 2374 1029 2460 scriptoribus,
1052 2377 1131 2458 quot
1147 2371 1241 2438 nobis
1260 2373 1379 2438 servati

250 2485 334 2546 sunt.
374 2479 462 2558 Quae
485 2480 631 2563 exempla
653 2480 748 2545 attuli
771 2484 941 2546 auctorum
957 2497 1023 2544 non
1044 2479 1243 2543 servatorum
1261 2477 1379 2560 partim

250 2583 361 2649 debeo·
382 2582 738 2648 commemorationibus
760 2583 795 2648 in
819 2583 964 2649 historiis
985 2582 1167 2648 litterarum
1191 2577 1324 2644 Christii
1346 2584 1379 2644 et

249 2685 394 2752 Teuffelii
421 2685 532 2767 factis,
561 2685 681 2769 partim
709 2685 897 2771 perquisitis
925 2683 1168 2751 collectionibus
1194 2686 1231 2747 ut
1252 2681 1380 2749 Keilii

249 2789 416 2858 Gramm.
439 2790 524 2856 Lat.
547 2791 607 2876 (G.
632 2790 701 2871 L),
725 2788 918 2856 Muelleri
939 2789 1092 2874 Fragm.
1116 2786 1219 2852 Hist.
1241 2784 1379 2858 Graec.
1507 2868 1509 2874 ,

249 2893 306 2980 (F.
325 2894 367 2958 Η.
391 2893 448 2975 G.)
470 2897 504 2958 et
526 2893 752 2978 Gecgraph.
775 2892 915 2960 Graec.
938 2892 1030 2960 Min.
1054 2891 1114 2977 (C.
1137 2890 1176 2958 C.
1201 2890 1266 2975 M.)

338 2997 529 3082 Pergratum
563 2995 640 3062 mihi
676 2999 756 3075 erat,
797 2998 884 3081 quod
922 2994 1147 3062 nonnullorum
1187 2995 1381 3078 scriptorum

251 3106 454 3166 servatorum
477 3099 700 3166 dedicationes
722 3121 787 3166 non
806 3099 917 3194 solum,
932 3122 972 3166 ex
993 3101 1136 3183 ipsorum
1160 3097 1299 3182 scriptis,
1324 3084 1380 3162 sed

251 3203 349 3269 etiam
371 3224 411 3269 ex
432 3204 734 3270 commemoratione
753 3204 1036 3288 grammaticorum
1054 3201 1255 3283 aliorumque
1278 3200 1379 3284 scrip·

251 3310 357 3371 torum
371 3312 514 3373 veterum
533 3326 726 3392 cognoscere
745 3307 845 3388 licuit,
864 3327 965 3392 quare
982 3305 1104 3372 factum
1122 3307 1180 3385 est,
1198 3308 1235 3370 ut
1252 3303 1381 3370 facilius

253 3407 429 3476 diiudicari
455 3411 575 3495 possit,
606 3416 715 3476 utrum
743 3411 806 3478 hac
826 3409 877 3478 uel
904 3409 963 3476 illa
984 3408 1125 3474 formula
1146 3407 1381 3475 dedicationem

251 3512 385 3597 exprimi
407 3513 561 3580 arbitrari
583 3513 758 3580 debeamus
780 3535 822 3580 an
844 3535 918 3580 non.

337 3616 418 3682 Fato
448 3616 584 3701 benigno
606 3617 730 3683 iactum
752 3621 811 3698 est,
840 3621 878 3682 ut
906 3639 945 3683 ex
968 3615 1133 3682 Ciceronis
1162 3613 1308 3702 epistulis
1338 3615 1380 3681 ad

252 3719 393 3785 Atticum
414 3718 623 3805 bibliopolam
641 3720 734 3786 nobis
754 3723 889 3786 servatis
907 3719 1091 3804 perspicere
1108 3721 1277 3804 possimus,
1301 3738 1379 3801 quo·

250 3822 346 3890 modo
375 3822 516 3908 scriptor
545 3824 599 3889 ille
630 3823 909 3908 praeclarissimus
937 3822 1116 3890 instituerit
1144 3821 1381 3888 dedicationem

251 3927 293 3993 ad
316 3928 447 3995 amicos.
483 3925 605 4005 Quodsi
627 3919 757 4012 longum
775 3927 879 4005 abest,
902 3931 941 3992 ut
957 3926 1048 3993 nulla
1063 3947 1099 3992 re
1117 3930 1245 3992 mutata
1263 3924 1381 4008 omnia,

251 4052 334 4116 quae
348 4029 401 4096 hic
412 4031 600 4110 invenimus,
614 4028 852 4097 transferamus
866 4031 909 4096 ad
923 4050 1033 4096 omnes
1046 4029 1188 4096 omnium
1201 4034 1379 4114 temporum

252 4135 443 4219 scriptores,
466 4139 575 4199 tamen
598 4133 814 4200 demonstrari
835 4134 956 4219 poterit
984 4133 1245 4201 consuetudinem
1269 4134 1303 4198 in
1325 4133 1379 4198 dc-

251 4236 398 4303 dicandis
420 4237 516 4304 libris
542 4257 608 4304 non
637 4242 706 4303 tam
728 4236 891 4304 Ciceronis
919 4237 1086 4324 propriam
1114 4255 1212 4322 quam
1240 4237 1379 4302 omnium

252 4338 352 4409 luisse
375 4346 432 4408 aut
454 4345 542 4408 certe
563 4361 635 4410 esse
658 4340 790 4412 iactam.

1193 4461 1225 4518 1*
