3392 5150
816 459 836 526 i

344 645 532 732 Opportune
551 644 676 728 accidit,
693 651 731 714 ut
750 651 896 733 quartus,
915 647 972 731 qui
989 647 1174 716 natalicium
1191 647 1313 718 fautori
1331 647 1390 722 dat

256 751 389 832 librum,
413 753 457 818 sit
478 752 653 817 Romanus:
686 750 895 832 Censorinus,
917 751 1014 817 homo
1035 773 1172 837 pauper,
1202 753 1255 819 die
1285 753 1388 820 natali

258 854 330 922 adit
349 855 386 934 Q.
407 845 607 936 Caerelliam,
631 855 762 921 divitem
779 858 961 938 patronum,
986 876 1093 922 secum
1116 859 1251 940 portans
1269 857 1388 923 donum

257 957 402 1024 libellum
416 958 528 1024 exilem
546 960 590 1024 de
608 958 668 1024 die
686 958 835 1039 natali,
854 960 910 1043 qui
923 959 973 1024 his
987 959 1093 1026 verbis
1106 959 1261 1046 incipitur
1274 982 1300 1026 c.
1316 966 1343 1042 1,
1354 966 1385 1025 5:

258 1083 357 1145 quare
378 1083 448 1128 cam
469 1062 553 1129 dona
568 1064 713 1146 pretioso
728 1083 827 1145 aeque
844 1063 954 1129 tibi.
974 1063 1108 1130 deerat
1124 1083 1222 1146 neque
1238 1064 1316 1130 mibi
1326 1084 1388 1146 per

258 1166 306 1230 rei
328 1167 507 1232 tenuitatem
524 1168 693 1248 superstat,
717 1166 929 1248 quodamque
950 1165 1005 1232 boo
1027 1167 1101 1232 trbrt
1118 1172 1164 1232 eat
1184 1169 1262 1232 maa
1279 1167 1387 1250 opibus

258 1274 482 1352 comparatum,
503 1270 649 1336 natalicii
671 1269 761 1335 titulo
783 1269 840 1334 tibi
860 1270 943 1334 mist.

342 1371 458 1438 Libros
475 1371 612 1440 arbitrio
626 1371 769 1438 veterum
783 1375 815 1436 et
816 1370 880 1437 iam
895 1371 1121 1438 Saturnalibus
1140 1372 1301 1439 donorum
1317 1373 1387 1440 loco

261 1473 333 1540 dari
354 1497 467 1563 posse,
497 1476 560 1544 etsi
582 1474 761 1560 exemplum
784 1475 880 1540 huius
902 1477 951 1542 rei
972 1474 1066 1541 nobis
1087 1497 1153 1542 non
1174 1481 1304 1560 praesto
1327 1481 1387 1558 est,

256 1598 297 1643 ex
318 1579 454 1647 Luciani
475 1579 548 1646 loco
571 1580 774 1661 (Croncsoloo
792 1585 842 1659 16)
865 1577 1006 1644 efficitur
1029 1579 1087 1658 (cl.
1109 1579 1238 1645 Birtii
1259 1579 1387 1646 Buch·
1429 1606 1431 1612 ·

256 1702 387 1748 wesen
404 1704 435 1766 p.
451 1690 490 1749 79
505 1690 597 1769 sqq.),
618 1683 674 1749 ubi
691 1703 763 1748 cum
781 1681 837 1747 det
853 1686 1028 1766 praecepta
1042 1683 1084 1748 ad
1098 1681 1288 1749 Saturnalia
1305 1682 1387 1749 cele·
1399 1671 1428 1756 ⁸,

258 1785 393 1868 branda,
415 1787 496 1852 haec
517 1787 623 1852 iubet:
647 1783 857 1873 ἇντιπεμπέτω
879 1789 914 1854 δὲ
932 1781 948 1853 ὅ
965 1789 1054 1874 πένης
1075 1794 1118 1880 τῷ
1139 1792 1271 1880 πλουσίῳ
1293 1783 1309 1855 ὅ
1330 1791 1388 1873 μὲν

256 1893 488 1975 πεπαιδευμένος
501 1895 618 1976 βιβλίον
632 1899 693 1957 τῶν
706 1887 842 1958 παλαιῶν
860 1940 868 1956 .
884 1940 891 1954 .
907 1939 913 1956 .
932 1890 951 1978 ἢ
968 1885 1066 1959 edroi
1082 1889 1267 1978 σύγγραμμα
1285 1887 1387 1960 ὁποῖον

256 1993 292 2060 ἂν
314 1993 448 2081 δύνηται.

343 2094 537 2162 Tractantes
557 2095 767 2163 Censorinum
783 2097 849 2162 iam
868 2096 910 2162 ad
929 2097 1088 2163 Romanos
1107 2096 1231 2181 delapsi
1250 2118 1386 2178 eramus,

258 2218 338 2281 quos
361 2198 389 2264 si
406 2220 556 2266 vocamus
577 2202 611 2266 in
634 2205 851 2283 conspectum,
872 2200 1048 2266 invenimus
1071 2200 1298 2287 compluribus,
1322 2222 1387 2267 ncn

256 2302 351 2368 unius
376 2301 557 2384 Censorini,
586 2305 738 2387 exemplis
767 2305 984 2371 demonstrari
1014 2310 1049 2370 et
1075 2306 1166 2389 ipsos
1194 2325 1267 2370 cum
1292 2304 1386 2371 dedi-1

257 2405 384 2472 catione
420 2407 624 2474 coniunxisse
651 2408 814 2474 notionem
843 2408 930 2476 doni.
983 2408 1073 2474 Alias
1103 2408 1250 2474 Catullus
1279 2409 1385 2475 dicere

256 2528 320 2574 non
332 2511 440 2592 potuit
451 2511 556 2595 primo
571 2511 713 2578 carmine
725 2535 752 2577 v.
770 2512 803 2574 1:
822 2514 874 2578 cut
887 2512 966 2578 deae
985 2562 992 2576 .
1011 2561 1045 2578 ..
1067 2511 1230 2579 libellum?
1260 2513 1386 2578 Graeco

256 2612 413 2680 vocabulo
442 2612 535 2699 δῶρον
562 2613 736 2699 respondet
763 2613 917 2680 Latinum
944 2635 1102 2696 munus,
1131 2615 1217 2699 quod
1246 2615 1386 2682 occurrit

256 2737 283 2784 e.
304 2737 333 2800 g.
361 2718 446 2802 apud
471 2717 659 2783 Ciceronem
683 2717 734 2783 ad
754 2717 771 2783 f
774 2738 842 2786 am.
861 2718 917 2798 IX,
936 2723 955 2783 8
983 2719 1184 2784 reomacrcrr'
1203 2739 1332 2785 manere
1353 2724 1386 2785 et

256 2820 302 2885 de
325 2818 549 2899 off.111,121
572 2822 668 2888 babes
689 2843 711 2887 a
729 2828 826 2904 parre
850 2844 975 2890 manaa.
1016 2822 1128 2904 Neque
1154 2819 1385 2890 Constantinus

255 2925 441 3008 imperator,
459 2945 530 2990 cum
543 2925 663 2992 litteris
678 2925 854 3010 Optatiano
870 2924 1014 3010 Porfyrio
1028 2924 1154 3010 gratias
1167 2929 1254 3009 agat,
1266 2924 1386 2991 librum
1518 2989 1522 3000 ,

256 3027 440 3094 dedicatum
472 3049 538 3094 non
575 3027 736 3113 significat
770 3050 884 3096 munus
928 3031 1070 3114 (protum
1105 3029 1183 3095 mibi
1220 3030 1385 3096 diccttcms

255 3137 329 3198 tace
350 3152 467 3197 manas
486 3133 567 3216 fait,
590 3132 646 3198 ed.
675 3133 711 3200 L.
735 3132 908 3199 Mueller
935 3153 966 3216 p.
989 3138 1030 3212 4).
1075 3131 1257 3217 Lygdamus
1285 3137 1385 3217 poeta

256 3235 399 3300 carmina
420 3235 453 3301 in
487 3235 643 3302 honorem
674 3235 819 3302 Neaerae
852 3236 982 3302 condita
1003 3234 1156 3321 appellat
1171 3236 1224 3323 I,4
1250 3256 1385 3303 manera

248 3359 364 3420 paroc.
421 3339 568 3422 Denique
610 3339 696 3423 apud
733 3338 934 3406 Cornificium
969 3339 1026 3427 1„
1065 3338 1216 3423 legimus:
1267 3361 1384 3406 manas

255 3442 311 3508 boc
341 3443 520 3526 turmarum
550 3443 706 3509 volantati
735 3449 817 3510 tace.
871 3442 959 3521 Quae
993 3442 1175 3508 accuratius
1209 3444 1384 3529 respondet

256 3546 399 3611 Graecae
433 3546 504 3611 voci
539 3544 636 3631 δῶρον
662 3546 781 3613 Latina
815 3568 877 3613 vox
910 3547 1027 3613 docum
1063 3546 1203 3613 occurrit
1233 3547 1267 3612 in
1298 3545 1383 3614 Cirr'e
1495 3627 1498 3634 Ι

254 3649 528 3732 Ps-Vergilianae
549 3668 644 3715 versu
666 3656 723 3716 46:
1208 3747 1210 3752 Ι

444 3755 559 3837 Aoape
581 3754 665 3820 derra
685 3775 752 3822 mco
772 3755 907 3821 multem
927 3755 1060 3840 cipitata
1081 3754 1194 3821 tabere.

339 3871 582 3953 Diversissimis,
603 3875 717 3940 utiam
731 3874 812 3941 haec
825 3875 926 3940 missa
938 3871 1105 3956 faciamus,
1119 3875 1226 3941 causis
1241 3875 1382 3960 scriptor

255 3976 374 4044 adduci
386 3977 503 4061 potuit,
519 3982 557 4043 ut
570 3977 693 4043 homini
706 3977 805 4044 alicui
818 3978 939 4044 librum
957 3977 1041 4044 dono
1054 3979 1208 4045 mitteret.
1240 3978 1381 4058 Quarum

253 4081 532 4166 praestantissima
563 4085 626 4162 est,
664 4081 692 4148 si
723 4083 876 4166 scriptor,
911 4101 982 4147 cum
1013 4082 1057 4148 sit
1092 4083 1161 4148 sine
1196 4081 1381 4164 ambitione,

253 4183 377 4252 homini
391 4184 518 4251 cuidam
532 4185 771 4250 venerationem
783 4206 989 4270 amoremque
1002 4185 1250 4252 ostenderevult
1259 4205 1380 4253 nuncu·

254 4289 398 4373 petione,
421 4309 484 4373 qno
508 4289 641 4355 consilio
664 4309 690 4354 e.
714 4310 743 4375 g.
787 4289 891 4355 Varro
914 4288 1108 4371 ducebatur,
1130 4309 1202 4356 eum
1224 4287 1381 4356 scriberet

255 4393 387 4460 tertium
403 4392 523 4460 librum
539 4413 672 4460 rerum
688 4393 940 4460 rusticarum
957 4392 999 4459 ad
1013 4393 1179 4478 Pinnium;
1197 4392 1238 4461 cf.
1251 4392 1310 4476 ΠΙ,
1326 4399 1380 4466 19:
