3392 5150
705 461 861 558 2¹..-

220 645 470 732 alemena
519 645 678 728 Qui‘libri
700 646 769 716 sine
790 645 897 728 dubio,
919 665 992 712 cunr
1012 646 1231 733 respondeant
1252 665 1350 732 quae·

100 809 104 818 .
220 749 394 830 stionibus,
436 755 584 817 constant
616 750 702 817 veris
733 750 890 836 epistulis.
942 748 1096 817 conferas
1129 750 1222 818 velim
1250 751 1350 818 verba

221 854 307 940 apud
324 853 497 921 Proculum
516 853 617 939 (apud
633 855 742 936 Lenel,
759 854 923 940 Palingen.
938 853 1040 920 11159
1055 855 1118 940 sq.)
1138 853 1245 922 obde:
1264 871 1349 921 eom·

219 956 362 1042 pluriens
384 957 501 1042 legitur
525 957 684 1025 Proculae
711 960 886 1042 respoudit,
917 958 1014 1024 semel
1044 953 1117 1042 (ing.
1148 961 1189 1023 20
1217 979 1248 1042 p.
1275 960 1348 1040 163.)

222 1060 330 1144 Nepos
353 1060 489 1128 Procedo
509 1081 567 1128 sao
589 1061 659 1143 sot,
684 1061 782 1128 semel
805 1059 878 1148 (frg.
897 1065 952 1145 25)
978 1061 1136 1128 Procaboe
1156 1061 1272 1144 Nepoti
1292 1079 1350 1127 sao

219 1163 279 1229 eol.
333 1163 380 1230 Ut
408 1164 569 1230 nescimus
604 1185 682 1229 num
712 1163 844 1230 Proculi
877 1185 986 1231 omnes
1022 1164 1164 1230 omnium
1192 1163 1349 1230 librorum

219 1264 378 1351 epistulae
391 1267 509 1334 missae
524 1268 591 1333 sint
603 1267 729 1352 Nepoti,
747 1267 795 1335 ita
808 1267 967 1351 Ulpianus
980 1267 1167 1348 nosedoeot
1180 1266 1349 1335 Neratium

218 1369 313 1436 unius
334 1369 411 1436 libri
432 1356 589 1454 epistulas
617 1369 754 1438 dirersis
775 1369 958 1437 hominibus
980 1371 1122 1450 dedisse,
1149 1371 1189 1437 cf.
1212 1371 1285 1458 Ulp.
1308 1372 1350 1436 20

219 1473 262 1541 ad
290 1474 350 1540 Iul.
376 1473 547 1543 Naana
564 1476 642 1542 labro
673 1476 697 1541 1
701 1475 734 1542 V
757 1476 855 1560 epist:
878 1477 996 1563 Rufino
1025 1475 1201 1562 respondit,
1232 1479 1273 1540 43
1304 1474 1347 1541 N.

219 1579 239 1644 l.
271 1578 331 1645 IV
345 1599 391 1663 ep.
416 1579 573 1646 Marcello
597 1577 699 1663 fratri
726 1580 895 1662 respoudit,
920 1578 1057 1664 denique
1081 1581 1114 1644 in
1139 1579 1253 1645 incerti
1274 1577 1350 1643 libri

219 1680 358 1767 epistula
399 1683 537 1748 occurrit
580 1702 696 1748 nomen
733 1683 894 1749 Aristonis
939 1683 1120 1764 cuiusdam,
1165 1682 1210 1751 ad
1255 1702 1350 1768 quem

216 1785 371 1852 Neratius
393 1787 533 1871 scripsit,
557 1786 595 1852 cf.
618 1786 693 1870 Ulp.
717 1790 758 1853 32
781 1786 824 1854 ad
846 1786 895 1853 ed.

271 1931 274 1938 ·
303 1889 349 1956 Ut
375 1888 456 1956 haec
479 1891 580 1957 missa
602 1887 770 1972 faciemus,
795 1911 914 1977 parum
936 1889 1029 1958 nobis
1052 1895 1213 1958 servatum
1236 1895 1287 1956 est
1308 1888 1349 1956 de

218 1991 335 2059 horum
362 1993 558 2077 scriptorum
586 1993 879 2078 epistolograpbia,
911 2015 1008 2080 quam
1029 1999 1066 2061 ut
1087 2014 1147 2080 pro
1170 1999 1258 2078 certo
1280 1999 1349 2060 sta-

217 2103 310 2163 tuere
333 2097 496 2183 possimus
522 2099 578 2182 qui
595 2097 673 2164 libri
690 2118 803 2163 eorum
819 2097 905 2163 inter
927 2096 1094 2165 dedicatos
1114 2096 1255 2164 habendi
1274 2097 1349 2163 sint.

305 2200 499 2286 Priusquam
517 2200 614 2267 finem
631 2201 785 2269 faciamus
804 2202 984 2269 disserendi
1001 2224 1067 2287 qua
1083 2201 1156 2288 lege
1168 2200 1351 2287 quibusque

219 2303 367 2373 formulis
401 2305 485 2372 liber
519 2304 689 2372 dedicatus
720 2327 741 2372 a
767 2307 883 2373 ceteris
915 2306 1086 2373 distinctus
1118 2307 1176 2387 sit,
1212 2304 1252 2371 de
1283 2303 1351 2370 alia

218 2429 263 2490 re,
286 2431 368 2495 quae
389 2409 452 2475 huc
472 2410 635 2494 pertinere
657 2409 735 2475 mihi
757 2411 897 2492 ridetur,
926 2411 1147 2477 coniecturam
1168 2428 1351 2496 proponere

219 2512 252 2578 in
287 2513 393 2578 animo
427 2518 488 2578 est.
542 2512 732 2594 Quaeritur,
768 2517 875 2579 utrum
914 2510 1077 2580 Ciceronis
1111 2510 1350 2591 commentatio,

219 2635 303 2702 quae
319 2616 511 2684 inscribitur
527 2617 695 2699 Brutus,
718 2617 765 2684 de
783 2616 912 2686 claris
936 2618 1196 2698 oratoribus,
1218 2615 1350 2684 titulum

219 2718 314 2805 quasi
341 2719 511 2804 tragoedia
538 2720 661 2789 habeat
689 2742 730 2786 an
759 2720 948 2808 accipienda
977 2721 1020 2788 sit
1040 2741 1100 2805 pro
1124 2720 1208 2787 libro
1231 2720 1350 2786 donato

218 2822 267 2888 vel
297 2821 333 2887 iu
362 2822 517 2890 honorem
546 2824 641 2891 Bruti
671 2824 803 2910 scripto.
857 2826 926 2892 Hoc
961 2825 1121 2909 suspicari
1151 2826 1228 2890 licet
1257 2823 1350 2890 uobis

216 2923 398 3011 legentibus
418 2925 526 2993 locum
549 2925 793 2996 ciceronianum
820 2928 853 2993 in
882 2929 1083 3014 praefatione
1110 2928 1350 3013 paradoxorum

218 3030 319 3097 Bruto
347 3030 572 3096 dedicatorum
601 3031 747 3098 obviumz
776 3032 895 3115 Brute,
914 3083 922 3099 .
942 3084 949 3100 .
967 3081 979 3120 ².
999 3035 1142 3116 ¹‹secs'pioe
1169 3035 1268 3118 ὁρίων
1294 3031 1351 3098 boc

211 3155 351 3217 porcum
373 3134 572 3218 opuseulum,
601 3138 750 3218 quoniam
772 3139 929 3202 maiorem
949 3137 1135 3222 otpiltoram
1155 3156 1290 3201 macae
1310 3137 1349 3200 io

218 3241 279 3303 tao
305 3240 449 3304 nomiae
477 3240 650 3321 apperuit.
678 3238 790 3327 Nonne
818 3238 899 3305 haec
920 3240 1020 3307 rerba
1041 3239 1258 3324 intellegenda
1279 3259 1350 3304 esse

217 3340 374 3421 videntur,
394 3342 488 3425 quasi
506 3342 656 3408 Brutus
674 3363 806 3410 -nam
824 3344 863 3409 de
876 3342 938 3409 hoo
950 3343 1036 3410 libro
1050 3343 1119 3410 sine
1133 3342 1229 3409 dubio
1244 3363 1349 3408 sermo

218 3449 269 3511 est
287 3481 332 3494 -
353 3443 454 3510 luerit
482 3444 652 3513 dedicatus
683 3447 803 3528 amico,
832 3450 1025 3530 praesertim
1053 3468 1126 3513 cum
1154 3468 1174 3512 a
1197 3445 1350 3512 Cicerone

217 3554 409 3634 usurpatum
422 3548 607 3615 sitverbum
619 3572 747 3631 manue,
762 3571 826 3637 quo
840 3553 1012 3636 scriptores
1026 3572 1154 3618 amasse
1168 3549 1348 3637 significare

216 3650 336 3718 librum
364 3651 547 3718 dedicatum
576 3673 675 3738 supra
706 3653 1017 3722 demonstravimus?
1061 3655 1124 3721 Pro
1153 3660 1240 3722 certo
1268 3653 1350 3720 nihil

217 3754 411 3821 contendere
423 3775 605 3840 possumus,
623 3756 726 3822 refelli
740 3759 888 3825 videatur
907 3759 1067 3824 sententia
1084 3758 1150 3825 sive
1164 3758 1350 3824 coniectura

216 3877 288 3925 mea
306 3857 422 3924 collato
444 3858 591 3925 Platonis
613 3859 856 3941 Theaeteto,
881 3853 1068 3927 Phaedro
1088 3868 1158 3942 etc,
1181 3861 1296 3946 quibus
1314 3861 1349 3927 in

217 3960 355 4045 dialogis
375 3961 491 4028 titulus
513 3968 563 4029 est
579 3983 696 4030 nomen
714 3965 791 4046 eius,
816 3981 954 4051 quocum
975 3965 1178 4049 potissimum
1198 3965 1349 4032 Socrates

304 4119 322 4188 ¹)
345 4117 380 4172 of.
398 4117 499 4186 Lenel,
525 4117 718 4188 Palingenesia
742 4120 793 4173 iur.
812 4119 956 4193 oiaLips.
977 4122 1052 4175 1889.
1089 4119 1152 4178 Vol.
1171 4121 1184 4174 I
1201 4139 1228 4190 p.
1248 4123 1262 4174 1
1287 4119 1348 4175 Sex.
1385 4159 1387 4164 -

218 4205 350 4259 (laeoilius
374 4203 532 4274 Africanus,
566 4222 593 4275 p.
620 4206 670 4259 169
699 4204 729 4260 Ρ.
751 4207 892 4260 Iuventius
925 4205 1035 4275 Celsus,
1069 4207 1166 4275 285sq.
1203 4206 1348 4262 Iavolenus

216 4289 338 4362 Priscua
362 4290 468 4348 52811.
487 4293 624 4347 Antistius
643 4293 752 4362 Labeo,
777 4295 827 4348 763
835 4311 875 4364 sq.
893 4295 924 4348 1..
939 4294 1067 4351 Neratius
1081 4294 1198 4350 Priscus.
1229 4295 1348 4366 1152sq.

217 4381 278 4439 Sea.
295 4379 471 4458 Pomponius,
491 4381 540 4436 159
547 4396 588 4454 sq.
605 4378 746 4438 Proculus.
873 4419 876 4424 -
