3392 5150
259 1288 299 1382 ΙΙ.
349 1285 506 1384 tinibus
536 1281 730 1380 formulis
760 1281 887 1378 factu
916 1281 977 1378 sit
1008 1279 1228 1378 dedicatio.
1312 1371 1315 1378 .

420 1476 534 1551 Verba,
556 1475 669 1554 quibus
692 1475 876 1554 exprimitur
899 1473 1063 1536 dedicatio.

262 1610 422 1692 Quoniam
444 1609 580 1684 vidimus
610 1607 727 1694 quibus
755 1607 865 1676 causis
892 1612 1018 1674 veteres
1046 1606 1221 1690 scriptores
1249 1602 1306 1671 ad-

177 1715 252 1782 duci
276 1715 473 1803 potuissent,
494 1718 533 1780 ut
555 1712 657 1779 libros
682 1732 757 1778 suos
779 1709 970 1796 aequalibus
992 1708 1076 1777 dono
1094 1708 1220 1790 darent,
1241 1728 1308 1793 qua

177 1820 303 1886 ratione
333 1817 515 1903 quibusque
549 1814 712 1897 formulis,
752 1813 781 1882 si
815 1814 888 1900 quis
923 1819 1038 1881 auctor
1071 1813 1106 1879 id
1137 1811 1307 1878 consilium

182 1921 277 2006 cepit,
299 1919 376 1987 libri
398 1918 539 1987 dedicati
562 1943 582 1988 a
604 1920 721 1986 ceteris
743 1917 899 2004 distingui
916 1918 1003 1985 soliti
1020 1917 1086 1984 sint
1103 1935 1308 2001 exponemus.

180 2024 285 2105 Quam
308 2023 440 2091 adrem
464 2021 688 2110 explicandam
716 2021 810 2090 nobis
839 2042 879 2089 ex
906 2020 1032 2088 duobus
1061 2018 1206 2086 fontibus
1227 2018 1306 2085 hau·

178 2127 327 2193 fiendum
348 2131 413 2193 est:
436 2127 645 2213 exipsorum,
668 2126 724 2210 qui
741 2125 980 2204 dedicaverunt,
1003 2125 1198 2208 scriptorum
1215 2122 1307 2189 libris

178 2229 377 2297 conservatis
400 2235 433 2296 et
454 2250 495 2296 ex
512 2230 586 2297 aliis
604 2229 826 2314 scriptoribus,
849 2230 996 2314 quicum
1013 2250 1112 2295 unum
1131 2226 1308 2294 alterumve

178 2333 298 2401 veteris
321 2334 463 2401 auctoris
492 2333 613 2400 librum
641 2337 904 2414 commemorent,
932 2351 1107 2417 numquam
1135 2329 1204 2397 fere
1232 2351 1307 2411 non,

178 2437 262 2504 siin
289 2435 445 2503 honorem
466 2437 604 2504 alicuius
626 2439 765 2522 scriptus
789 2436 847 2517 sit,
876 2437 991 2521 paucis
1011 2434 1118 2502 verbis
1139 2438 1306 2503 annotant.

264 2539 472 2626 Exponentes
484 2541 585 2625 igitur
597 2543 736 2628 primum
750 2540 866 2625 quibus
875 2540 981 2607 verbis
994 2539 1058 2624 ipsi
1069 2544 1194 2606 veteres
1207 2539 1307 2622 scrip-

175 2648 280 2724 tores,
312 2645 429 2730 quiin
457 2649 573 2711 nostra
599 2665 697 2712 manu
726 2649 818 2724 sunt,
847 2645 967 2712 librum
995 2642 1180 2710 dedicatum
1209 2642 1307 2727 sigui-

174 2746 357 2828 ficaverint,
394 2746 537 2814 Graecos
566 2749 658 2832 prius
690 2748 903 2816 tractabimus
933 2752 1032 2832 atque
1065 2769 1086 2814 a
1114 2746 1221 2832 poetis
1256 2745 1305 2811 in·
1373 2833 1376 2840 ⁴

174 2850 337 2938 cipiemus.
1312 2923 1315 2930 ,

260 2954 439 3022 Praemitto
452 2954 564 3040 primis
573 2954 718 3022 versibus
732 2953 799 3021 fere
814 2975 940 3040 semper
953 2953 1094 3042 positum
1108 2973 1180 3021 esse
1192 2973 1307 3022 nomen

173 3057 255 3139 eius,
278 3056 321 3124 ad
344 3079 438 3143 quem
462 3058 633 3138 scribatur,
660 3058 695 3124 in
716 3059 864 3125 vocativo
874 3060 896 3140 ¹)
923 3064 1101 3143 posteaque
1127 3058 1244 3125 iterum
1267 3079 1308 3126 ac

136 3215 140 3224 .
172 3161 304 3244 saepius
335 3161 440 3250 repeti
467 3162 518 3228 rel
547 3162 736 3247 pronomine
766 3162 928 3247 personali
958 3161 1119 3229 secundae
1148 3183 1306 3249 personae

174 3266 281 3332 vicem
294 3265 364 3331 eius
379 3265 517 3350 impleri,
529 3265 564 3331 id
577 3265 663 3349 quod
675 3264 711 3330 in
724 3264 933 3350 sequentibus
945 3286 1011 3332 non
1020 3285 1147 3354 semper
1155 3271 1308 3350 repetem,

171 3390 249 3435 cum
277 3368 410 3435 manris
438 3369 482 3435 sit
503 3369 657 3435 momenti
686 3389 878 3454 cognoscere
902 3389 986 3453 quae
1010 3369 1108 3437 verba
1136 3375 1307 3437 occurrent

170 3471 306 3558 proprie
327 3477 487 3559 usurpata
508 3471 551 3539 ad
571 3470 808 3540 dedicationem
830 3472 1071 3540 ostendendam.

259 3573 483 3662 Compluriens
505 3583 604 3663 poeta
634 3576 847 3643 attentionem
876 3576 962 3657 eius,
990 3576 1032 3642 ad
1060 3595 1155 3660 quem
1184 3577 1306 3660 scribit,

172 3681 207 3746 iu
239 3701 275 3746 se
313 3684 499 3746 convertere
534 3678 659 3760 studet,
696 3665 769 3745 cum
797 3679 887 3746 dicat
920 3678 1013 3748 κλῦθι
1047 3679 1306 3766 (Andromaches

174 3782 312 3872 θηριακή
329 3778 367 3850 δι’
383 3787 512 3870 ἐχιδνῶν
529 3805 556 3847 v.
578 3784 619 3866 1).
652 3783 860 3868 Empedocles
878 3782 964 3868 apud
982 3783 1092 3852 baert.
1110 3783 1203 3870 Diog.
1219 3783 1306 3868 VIII,

173 3891 216 3953 60
232 3886 332 3967 κλύοις
340 3889 391 3976 ἄν,
408 3887 486 3953 item
499 3886 702 3972 Lycophron,
717 3883 898 3974 Ἀλεξάνδρα
915 3911 943 3955 v.
959 3893 996 3971 93
1013 3891 1163 3969 alcaicum,
1181 3889 1210 3955 si
1223 3909 1307 3954 oom-

171 3991 284 4078 plures
318 3988 464 4068 invocat,
500 3995 538 4056 ut
574 3991 743 4078 Oppianus
780 3990 853 4060 Hal.
880 3991 973 4079 IV„
1009 3991 1081 4080 Vu
1108 3987 1220 4076 οἶΐοιτες
1254 3994 1306 4061 rel

173 4094 272 4185 γνῶθι
295 4091 479 4177 (Philippus
500 4093 599 4163 Intb
621 4095 689 4161 Pul.
711 4093 757 4161 IV
765 4096 813 4182 43);
836 4096 913 4182 λέγω
933 4094 1105 4180 (Agatbias
1122 4095 1218 4162 Anth.
1235 4096 1304 4165 Pel.

262 4284 281 4353 ¹)
299 4281 568 4338 Andromachus
592 4285 714 4355 θηριακὴ
738 4283 772 4340 δι’
791 4281 907 4354 ἐχιδνῶν
924 4287 980 4339 v.2
997 4290 1105 4353 Καῖσαρ
1123 4286 1179 4339 ud
1199 4281 1304 4354 Νέρων.

173 4369 319 4425 Anthol.
336 4368 405 4422 Pel.
424 4368 469 4423 IV.
488 4369 611 4439 Phflippi
628 4386 731 4424 corona
747 4387 772 4426 v.
787 4373 804 4424 b
821 4367 902 4426 iocre
920 4369 1046 4440 nepote.
1076 4370 1231 4426 Bebrius
1249 4372 1304 4438 fab,

174 4455 262 4526 praef.
281 4459 313 4508 Α
331 4472 357 4509 v.
371 4459 395 4508 2.
416 4457 456 4512 10.
491 4455 540 4510 Ps.
559 4456 728 4512 Manetho
740 4455 910 4530 Apotelesm.
928 4476 954 4513 v.
969 4461 982 4514 1
998 4451 1020 4513 ὦ
1033 4461 1191 4527 Πτολεμαῖε.
1206 4475 1229 4542 q.
1243 4477 1269 4540 q.
1284 4477 1304 4550 s.
