3392 5150
832 414 986 514 —s-a-

346 623 456 670 ronem
470 601 598 670 obvium
616 602 800 684 (Paradoxa
816 599 902 688 pri),
918 602 997 669 bade
1013 623 1091 686 opas
1108 602 1223 683 (Flavii
1239 601 1371 685 Vopisci
1387 602 1474 666 vitae

348 707 423 773 Gari
444 705 553 773 (larini
575 709 609 772 et
630 706 818 773 Numeriani
839 706 878 772 21
892 710 929 793 ,).
1064 717 1069 730 ·

536 883 753 945 Praelationes
776 885 808 944 et
830 882 987 962 epistulas
1007 883 1100 946 libris
1122 885 1286 962 praefixae.

433 1000 524 1074 Haeo
545 997 660 1080 rerba,
688 1017 772 1084 quse
799 1018 840 1064 ex
861 997 1011 1064 omnibus
1034 1000 1184 1083 exemplis
1205 999 1363 1067 librorum
1385 998 1474 1065 dedi-

347 1107 496 1169 catorum
517 1102 642 1186 collegi,
663 1100 732 1168 fero
755 1122 883 1186 semper
905 1101 1078 1169 coniuncta
1099 1123 1171 1170 cum
1193 1104 1321 1169 nomine
1340 1101 1475 1168 alicuius

346 1206 381 1271 in
411 1206 558 1272 vocativo
586 1205 736 1290 apposito
764 1205 932 1288 leguntur,
962 1205 1123 1273 collocata
1145 1211 1255 1272 autem
1271 1197 1349 1272 'esse
1371 1205 1476 1272 solent

345 1310 440 1377 initio
475 1308 632 1394 epistulae
660 1306 712 1374 vel
745 1308 960 1393 praefationis
994 1309 1080 1375 libro
1115 1309 1264 1377 dedicato
1296 1307 1475 1396 praefixam

346 1414 468 1479 rectius
497 1412 654 1491 dicemus,
684 1411 712 1478 si
741 1413 971 1496 praemittatur
992 1412 1148 1496 epistula,
1178 1432 1295 1479 nomen
1317 1415 1403 1494 eins,
1433 1411 1476 1478 ad

348 1536 442 1600 quem
469 1515 554 1581 liber
580 1515 745 1595 mittatur,
775 1515 809 1581 in
836 1514 1048 1600 inscriptione
1074 1517 1163 1582 stare
1183 1516 1218 1582 in
1239 1515 1365 1594 dativo,
1395 1535 1422 1580 e.
1445 1535 1475 1600 g.

349 1621 387 1686 L.
409 1619 575 1702 Ampelisca
599 1618 749 1684 Moerico
770 1639 828 1685 sao
847 1619 991 1686 substare.

433 1724 538 1804 Atque
559 1727 596 1786 ut
617 1723 754 1805 primum
776 1720 817 1788 de
839 1721 1023 1806 epistula
1039 1720 1123 1787 libro
1145 1720 1291 1806 praefixa
1312 1721 1477 1800 disseram,

347 1845 455 1892 veram
476 1823 578 1891 fuisse
599 1824 775 1909 epistulam
790 1830 881 1909 puto,
904 1845 987 1909 quae
1004 1845 1071 1890 una
1087 1844 1161 1889 cum
1176 1824 1260 1892 libro
1278 1846 1299 1892 a
1318 1826 1477 1909 scriptore
1585 1883 1591 1896 .

348 1928 391 1995 ad
410 1948 493 2007 eum,
511 1931 566 2010 qui
583 1928 706 2013 accepit
720 1949 809 2014 opus,
827 1927 1028 2009 mittebatur,
1046 1933 1084 1994 ut
1096 1932 1307 2013 cognosceret
1318 1949 1378 2014 pro
1393 1928 1477 1994 dono

348 2052 419 2098 esse
434 2029 619 2097 babendum
631 2030 759 2097 librum.
794 2031 910 2115 Itaque
922 2030 1050 2098 litteras
1062 2031 1222 2116 principio
1238 2053 1303 2100 non
1318 2032 1353 2098 iu
1365 2030 1478 2098 eodem

348 2135 508 2202 volumine
529 2133 666 2219 scriptas
687 2133 790 2200 luisse
812 2135 959 2201 existimo
981 2140 1080 2219 atque
1102 2137 1401 2203 commentationem
1422 2135 1477 2200 de-

348 2237 502 2320 dicatam,
520 2238 577 2304 sed
598 2237 722 2304 tabulis
744 2238 873 2317 ceratis,
896 2242 934 2304 ut
952 2236 1024 2304 fieri
1041 2237 1176 2320 solebat,
1198 2239 1369 2306 mandatas
1387 2237 1478 2306 addi·

348 2346 401 2408 tas
426 2362 495 2408 esse
517 2340 612 2409 libro.
647 2341 768 2408 Postea
789 2341 817 2407 si
839 2339 939 2406 editio
960 2340 1074 2408 futura
1095 2346 1177 2423 erat,
1200 2345 1299 2426 atque
1322 2361 1395 2408 cum
1416 2360 1479 2407 usu

347 2446 488 2512 venisset
509 2444 611 2511 libros
633 2442 799 2510 dedicatos
821 2444 921 2510 etiam
942 2445 977 2510 in
998 2443 1140 2511 editione
1161 2449 1242 2512 nota
1264 2444 1479 2512 dedicationis

348 2547 556 2633 distinguere,
574 2546 609 2612 id
627 2547 714 2631 quod
731 2545 819 2613 infra
836 2547 1021 2613 accuratius
1034 2547 1257 2629 tractabimus,
1274 2549 1338 2615 hae
1349 2548 1480 2614 litterae

348 2651 411 2736 ipsi
427 2650 580 2718 volumini
597 2649 869 2736 praefigebantur.
904 2649 1006 2716 Veros
1025 2647 1126 2717 fuisse
1143 2651 1305 2735 epistulas
1322 2651 1480 2736 imprimis
1501 2683 1504 2692 =

350 2773 389 2820 eo
411 2754 627 2822 demonstrari
647 2753 727 2821 mihi
744 2752 879 2834 videtin,
902 2751 989 2837 quod
1005 2753 1136 2820 litterae
1155 2753 1317 2821 Ciceronis
1335 2753 1378 2821 ad
1394 2754 1481 2821 Atti-

350 2878 422 2923 cum
438 2857 698 2926 Academicis
719 2857 917 2942 praemissae
938 2876 1004 2922 non
1026 2855 1131 2922 solum
1151 2857 1302 2943 leguntur
1319 2858 1354 2924 in
1375 2857 1482 2943 prima

349 2960 444 3028 huius
465 2959 541 3027 libri
562 2961 689 3048 pagina,
712 2949 770 3027 sed
792 2959 893 3026 etism
908 2958 943 3024 in
965 2979 1097 3026 numero
1120 2965 1250 3028 exstent
1271 2961 1481 3046 epistularum

350 3063 400 3130 ad
427 3062 668 3131 familiares
695 3085 732 3130 re
759 3083 836 3130 vera
864 3062 1016 3130 datarum
1038 3063 1103 3143 (lx,
1124 3068 1167 3148 8).
1210 3065 1321 3150 Neque
1345 3065 1482 3150 cogitari

348 3171 459 3252 potest
493 3166 535 3232 ab
569 3167 663 3233 initio
695 3167 808 3234 statim
835 3187 892 3251 per
921 3167 1058 3250 speciem
1086 3166 1214 3234 litteras
1243 3166 1372 3234 additas
1401 3187 1481 3251 esee,

350 3275 388 3336 ut
409 3268 573 3336 dedicatio
596 3269 842 3355 exprimeretur,
864 3270 898 3337 id
921 3269 1007 3355 quod
1029 3268 1224 3354 procedente
1245 3276 1389 3356 tempore
1411 3270 1481 3336 sine

351 3373 450 3440 dubio
473 3372 601 3441 accidit.

435 3476 475 3541 In
491 3476 691 3560 ipsocamen
703 3475 862 3543 volumine
880 3497 901 3542 a
917 3476 1086 3562 principio,
1107 3476 1128 3541 i.
1144 3496 1171 3542 e.
1193 3477 1228 3542 in
1244 3477 1317 3564 ipso
1336 3474 1480 3562 exemplo

350 3578 428 3647 libri
440 3579 484 3645 ad
498 3599 579 3661 eum,
595 3581 647 3646 cui
659 3579 837 3662 dedicatur,
852 3580 948 3646 misso
958 3581 1080 3664 scripta
1089 3579 1188 3646 fuisse
1197 3586 1277 3664 puto
1290 3581 1483 3666 prooemia

351 3685 418 3754 sive
438 3682 745 3769 praefationes,
769 3703 852 3767 quae
874 3683 970 3768 quasi
991 3684 1074 3750 vices
1092 3683 1272 3751 litterarum
1290 3683 1448 3750 obierunt.
1456 3684 1480 3771 ¹)

440 3820 458 3889 ¹)
476 3819 579 3872 Birtius
597 3819 717 3889 (Buchw.
735 3837 762 3890 p.
783 3822 830 3874 141
850 3821 920 3890 sqq.)
944 3819 1016 3873 hauc
1042 3820 1234 3888 quaestionem
1257 3820 1288 3873 in
1305 3821 1482 3888 conspectum

352 3908 441 3974 vocat,
460 3921 523 3958 cum
541 3904 616 3959 dicat
629 3904 736 3974 Polybii
750 3909 779 3959 et
791 3905 953 3974 Hieronymi
966 3905 1107 3975 prooemia
1120 3909 1199 3960 extra
1212 3905 1342 3960 volumen
1359 3912 1425 3975 („ca
1437 3905 1484 3960 der

353 3992 522 4048 Attssctaaeitc
545 3990 593 4045 der
611 3991 720 4060 Rota‘p
744 3992 894 4060 exstitisse,
920 3996 952 4045 ut
975 3992 1108 4045 lectorem
1133 3992 1279 4045 certiorem
1297 3991 1400 4045 faciant
1417 3990 1484 4060 quid

353 4077 527 4131 contineatur
540 4074 619 4130 libro.
648 4076 736 4144 Quam
749 4078 935 4131 coniecturam
948 4081 979 4130 ut
991 4076 1065 4147 apud
1078 4075 1225 4146 Polybium
1245 4079 1274 4130 et
1286 4076 1485 4144 Hieronymum

306 4201 312 4218 .
352 4162 471 4232 probare
483 4179 604 4231 possum,
616 4162 657 4216 ita
669 4163 818 4232 prooemia,
832 4163 930 4232 quibus
944 4161 1083 4217 dedicatio
1097 4161 1275 4232 significatur,
1288 4163 1388 4216 eodem
1401 4163 1484 4216 modo

353 4251 432 4302 extra
445 4247 576 4302 volumen
593 4247 766 4318 agglutinata
784 4249 868 4302 fuisse
885 4265 942 4304 nou
958 4252 1035 4326 puto.
1066 4248 1149 4301 Tanti
1162 4263 1225 4302 mec
1243 4248 1356 4316 quidem
1369 4248 1484 4302 arbitrio

353 4333 487 4389 momenti
497 4351 553 4388 non
563 4337 623 4388 erat
634 4332 779 4403 dedicatio,
790 4337 822 4388 ut
830 4334 920 4403 primo
929 4336 1028 4389 obtutu
1036 4351 1053 4388 a
1062 4332 1175 4404 lectore,
1184 4334 1344 4404 priusquam
1354 4333 1485 4389 volumen
