3392 5150
822 449 1131 567 λζ’

335 655 423 723 etin
445 654 517 722 aliis
540 654 747 723 desideratur
768 656 801 722 in
823 656 927 740 primo
951 655 1066 742 capite,
1088 655 1206 742 legitur
1227 677 1291 722 non
1314 655 1411 722 semel
1428 653 1462 722 in

334 760 440 826 media
462 760 681 847 disputatione
704 760 790 846 (Iulii
813 759 890 845 Cap.
914 757 1042 824 Verus
1065 779 1090 824 o.
1110 761 1154 847 24
1180 758 1224 825 M.
1246 759 1461 826 Antoninus

337 865 438 952 19„).
478 863 568 930 Alias
590 861 727 948 denique
749 882 819 928 esse
840 861 1007 929 dedicatas
1029 883 1093 929 non
1111 863 1317 948 cognovimus
1339 863 1402 928 nisi
1424 883 1464 929 ex

335 967 447 1034 ultimo
466 968 587 1052 capite;
606 967 643 1033 cf.
662 989 690 1033 e.
708 988 737 1052 g.
756 965 909 1032 Trebellii
926 965 1080 1033 Pollionis
1098 965 1279 1052 triginta
1296 968 1463 1052 tyranni

335 1092 361 1136 c.
385 1077 443 1137 33:
478 1072 584 1138 Habes
613 1073 772 1156 iatcprum
801 1051 934 1156 utputa
963 1091 1130 1137 nummum
1168 1076 1390 1156 mammone,
1421 1071 1465 1136 da

334 1196 419 1242 auae
440 1178 538 1242 cuivis
560 1175 712 1254 bbelbam
729 1174 779 1239 vel
800 1172 903 1240 Flavii
924 1173 1055 1258 Vopisci
1078 1174 1208 1241 Carus
1231 1180 1272 1240 et
1294 1174 1464 1241 Carinus

336 1282 376 1344 et
396 1279 665 1344 Numerianus
687 1297 714 1342 e.
738 1279 816 1364 21,:
849 1277 949 1358 Habe,
977 1280 1150 1360 retemire,
1178 1298 1282 1344 meum
1304 1299 1383 1363 opus
1402 1327 1408 1339 .

335 1387 364 1447 tc
385 1403 501 1468 quaeso
521 1384 568 1448 sis
589 1387 758 1448 amicatus.
1353 1393 1355 1398 ’

725 1574 887 1654 Epistulae
909 1574 1080 1638 dedicatae.

397 1775 400 1780 1
421 1692 492 1758 Iam
513 1693 658 1758 venimus
681 1692 723 1758 ad
744 1691 844 1758 aliam
866 1689 1081 1758 dedicationis
1104 1691 1372 1777 significationem
1391 1713 1465 1758 con-

336 1795 563 1881 templandam,
593 1796 664 1862 dioc
694 1795 877 1880 epistulam.
921 1795 960 1860 ln
984 1796 1212 1862 enumerandis
1234 1796 1352 1876 verbis,
1382 1817 1467 1882 quae

337 1902 519 1984 exprimant
552 1900 801 1980 damnationem,
833 1901 1021 1986 saepissime
1052 1903 1206 1985 usurpari
1227 1901 1327 1968 rerba
1347 1905 1468 1968 mittere

337 2011 370 2072 et
396 2007 530 2074 scribm
557 2009 727 2073 coniuncta
756 2027 829 2072 cum
857 2008 1096 2091 praepositione
1125 2009 1168 2072 od
1188 2007 1238 2073 vel
1263 2028 1335 2072 cum
1357 2005 1466 2072 dativo

337 2102 663 2177 commemoravimus.
698 2111 814 2176 Latine
830 2111 910 2176 item
927 2109 1047 2176 dicitur
1065 2111 1188 2178 litteras
1208 2113 1330 2178 mittere
1347 2111 1390 2177 ud
1406 2111 1468 2176 ata

337 2235 436 2298 queen,
458 2215 593 2280 ambare
614 2214 657 2280 ad
678 2214 822 2296 aliquam
870 2212 995 2280 Deinde
1016 2212 1154 2281 vidimus
1175 2213 1283 2295 libris,
1312 2220 1350 2281 ut
1371 2215 1468 2299 signi·

337 2316 452 2384 ficetur
466 2337 535 2384 esse
544 2316 721 2397 dedicatos,
729 2336 886 2404 persaepe
894 2316 1021 2384 litteras
1030 2316 1176 2402 praefigi,
1189 2319 1359 2403 atqueiam
1370 2339 1470 2402 supra

339 2441 394 2488 eas
416 2441 453 2486 re
474 2441 552 2486 vera
572 2441 638 2487 una
659 2441 730 2486 cum
751 2420 835 2486 libro
857 2421 973 2488 missas
995 2442 1066 2488 esse
1086 2421 1469 2506 putandasdemonstra-

337 2525 448 2592 vimus.
490 2523 614 2603 Quodsi
635 2544 670 2588 re
691 2544 769 2589 vera
791 2521 873 2589 liber
895 2523 1035 2591 donatus
1052 2525 1201 2606 mittitur,
1224 2527 1244 2593 i.
1264 2547 1290 2590 a.
1310 2526 1337 2592 si
1354 2531 1470 2591 auctor

337 2633 371 2694 et
387 2629 424 2708 is,
449 2628 505 2713 qui
522 2627 643 2710 accipit
660 2647 751 2712 opus,
773 2627 908 2694 dirersis
925 2627 1076 2694 habitant
1093 2628 1229 2715 oppidis,
1250 2627 1348 2696 facile
1365 2635 1470 2695 totum

338 2751 420 2816 opus
434 2732 617 2798 litterarum
625 2729 762 2814 formam
773 2733 919 2815 accipere
927 2733 1043 2815 potuit.
1065 2732 1169 2799 Face.
1180 2752 1209 2816 g.
1221 2732 1358 2799 amicum
1368 2735 1469 2800 amico

267 2859 268 2863 ¹
339 2833 491 2919 scriptori
503 2855 563 2920 per
575 2833 704 2900 litteras
718 2836 925 2919 quaestiones
940 2836 1097 2920 quasdem
1108 2835 1152 2902 ad
1164 2836 1348 2903 litterarum
1361 2837 1470 2903 studia

339 2943 522 3023 spectantes
534 2958 724 3023 proponere,
739 2945 838 3022 atque
852 2961 950 3023 supra
965 2939 1169 3024 exposuimus
1180 2939 1359 3027 permultos
1370 2941 1470 3006 libros

339 3063 377 3108 eo
396 3041 529 3108 consilio
547 3063 620 3108 esse
637 3041 803 3109 dedicatos
821 3043 1015 3127 petentibus,
1038 3049 1075 3110 ut
1092 3043 1287 3110 edoceantur
1306 3046 1415 3130 aliqua
1431 3044 1471 3126 (10Ι

339 3166 390 3212 re:
413 3144 493 3231 quid
514 3145 603 3212 aliud
624 3145 732 3212 iacere
761 3149 868 3230 potuit
896 3148 1036 3234 scriptor
1057 3148 1336 3232 nisirespondere
1358 3148 1472 3214 eadem

339 3251 414 3316 via?
450 3247 520 3328 Qua
536 3251 570 3315 in
587 3269 623 3314 re
640 3249 789 3316 videlicet
805 3249 877 3316 fieri
893 3252 1009 3335 potuit,
1033 3259 1070 3316 ut
1087 3252 1216 3317 litterae
1233 3252 1362 3318 modum
1380 3273 1471 3317 exce-

341 3354 453 3419 dentes
470 3353 616 3418 volumen
634 3353 814 3436 implerent.
855 3353 1071 3420 Nihilominus
1088 3354 1217 3421 litterae
1236 3361 1320 3423 sunt.
1355 3357 1471 3421 Pmoe-

337 3457 443 3523 dcnte'
465 3476 543 3523 sane
564 3461 708 3543 tempore
730 3455 860 3522 litterae
881 3478 939 3541 per
968 3458 1105 3540 speciem
1130 3456 1355 3525 scribebantur
1376 3456 1472 3524 fictae

342 3559 384 3627 ad
402 3560 639 3626 dedicationem
662 3559 916 3644 significandam.
964 3597 966 3601 ·

431 3663 531 3742 Quam
559 3663 672 3729 similis
695 3665 738 3730 sit
762 3663 846 3729 liber
874 3662 1044 3730 dedicatus
1064 3664 1182 3730 litteris
1210 3665 1377 3747 praeclare
1398 3664 1473 3729 illu-

342 3772 465 3834 stratur
494 3787 591 3851 opere
621 3767 797 3845 Ciceronis,
828 3766 884 3851 qui
913 3767 955 3832 ad
976 3766 1123 3832 Marcum
1151 3766 1250 3832 filium
1278 3788 1473 3854 componens

342 3878 410 3949 tres
444 3871 547 3937 libros
585 3870 633 3937 de
673 3869 829 3937 officiis
864 3869 897 3935 in
933 3869 1150 3957 compluribus
1185 3872 1326 3936 omnium
1360 3871 1473 3937 horum

343 3975 540 4042 voluminum
569 3973 732 4058 capitibus
760 3996 825 4040 non
855 3973 954 4040 semel
976 3995 1048 4039 eum
1071 3973 1250 4058 alloquitur
1271 3979 1332 4060 (mi
1358 3975 1473 4055 Oicero,

346 4079 459 4146 Mores
477 4079 552 4162 fite).
597 4078 740 4144 Tertium
766 4078 886 4145 librum
908 4078 1066 4163 simulque
1087 4083 1192 4145 totam
1214 4078 1474 4145 dissertationem

344 4182 507 4250 concludit
527 4183 578 4248 his
600 4182 706 4248 verbis
728 4181 790 4268 (111
816 4183 905 4270 121):
928 4183 1035 4248 Habes
1055 4188 1188 4265 epatre
1208 4203 1333 4262 munos,
1361 4183 1474 4250 Marce
1568 4266 1571 4272 Ι

342 4287 400 4373 fili,
422 4285 491 4352 oola
512 4289 611 4370 ipitwr
632 4287 677 4352 mi
702 4286 816 4366 Cicero,
839 4286 934 4370 quasi
954 4285 1073 4351 litteris
1095 4283 1191 4350 finem
1212 4284 1364 4368 imponat.
1486 4299 1489 4304 ·

370 4456 371 4459 ,
430 4389 583 4460 accidere
618 4389 719 4482 igitur
746 4393 870 4480 potest,
904 4395 943 4460 ut
971 4388 1104 4482 singulis
1132 4389 1250 4460 litteris
1279 4392 1369 4459 totus
1398 4387 1473 4460 libri
