3392 5150
426 593 558 663 Possum
589 601 735 664 sescenta
764 594 860 662 buius
891 595 978 662 modi
1008 595 1153 682 exempla
1183 591 1463 678 exscriptoribus

338 701 471 768 Graecis
488 700 626 767 collecta
643 698 767 780 afferre,
793 698 849 767 sed
873 703 1021 767 auctores
1038 699 1177 768 Romani
1193 698 1355 766 traamdi
1378 699 1462 764 sunt.

423 805 558 872 Praeter
571 809 697 871 ceteros
709 805 809 890 igitur
822 802 918 870 floret
929 802 1087 880 Firmicus
1099 802 1269 871 Maternus
1282 803 1463 888 (paganus).

339 930 410 976 cum
438 911 472 975 in
501 907 740 975 conscribendis
769 907 968 992 singulorum
988 909 1184 975 voluminum
1206 905 1463 993 praefationibus

338 1019 372 1080 et
408 1011 544 1098 epilogis
579 1011 687 1079 verbis
721 1031 787 1078 non
821 1017 943 1097 parcat.
986 1012 1148 1080 Mevomio
1182 1012 1328 1080 Lolliano
1365 1012 1465 1077 donat

337 1115 572 1184 matheseos
600 1115 701 1182 libros
729 1119 803 1182 ceto
832 1117 929 1183 certis
958 1116 1199 1183 condicionibus
1221 1115 1355 1198 additis,
1384 1135 1463 1199 quas

337 1211 456 1286 iterum
478 1241 516 1286 ac
538 1219 668 1304 saepius
694 1219 821 1303 repetit.
866 1221 955 1298 Quae
982 1219 1183 1305 praescribat
1204 1220 1351 1288 Lolliano
1378 1216 1464 1304 infra

339 1323 630 1404 considerabimus,
653 1320 705 1388 hic
727 1327 779 1388 sat
804 1324 866 1390 erit
894 1323 1001 1390 dicere
1029 1329 1206 1408 praecepta
1225 1323 1284 1390 illa
1312 1341 1464 1407 expressa

338 1449 406 1495 esse
435 1428 469 1492 in
496 1431 568 1492 octo
596 1425 754 1492 librorum
782 1424 1054 1512 praefationibus,
1082 1449 1185 1514 neque
1214 1433 1325 1494 tamen
1353 1425 1463 1491 deesse

336 1533 370 1600 in
387 1530 451 1598 fine
468 1530 624 1597 librorum
642 1530 679 1611 V,
698 1530 750 1610 VI,
769 1529 837 1595 VII.
873 1529 1029 1596 Ultimum
1050 1532 1153 1598 totius
1175 1533 1283 1616 operis
1306 1529 1463 1613 simulque

336 1635 414 1703 libri
436 1636 539 1701 octavi
560 1637 661 1717 caput
681 1637 787 1699 totum
808 1633 884 1699 huic
905 1635 953 1700 rei
974 1635 1085 1700 datum
1107 1640 1168 1701 est

422 1737 642 1818 Quintilianus
679 1742 715 1802 ut
751 1737 1039 1805 institutionis
1075 1741 1286 1806 oratoriae
1315 1736 1408 1803 libris
1436 1735 1462 1815 I,

339 1843 394 1927 IV,
416 1841 461 1907 Vl
484 1841 646 1907 Vitorium
667 1839 858 1906 Marcellum
879 1839 1056 1924 alloquitur
1083 1841 1303 1926 praefatione,
1329 1841 1380 1906 ita
1401 1838 1464 1904 XII

334 1946 419 2014 libro
442 1946 549 2032 operis
570 1944 685 2011 ultimo
708 1944 868 2028 epilogum
890 1943 1044 2029 adiungit.

372 2117 374 2120 ,
421 2048 576 2133 Vegetius
599 2049 736 2132 denique
759 2046 906 2114 omnibus
926 2047 1020 2114 libris
1049 2050 1252 2132 epitomae
1272 2046 1334 2113 rei
1355 2046 1463 2113 mili-

336 2153 444 2222 taris
465 2152 651 2218 ineuntibus
681 2153 911 2236 imperatorem
939 2151 1104 2238 appellat,
1131 2150 1321 2219 exeuntibus
1348 2150 1463 2236 primo,

335 2258 443 2334 tertio,
468 2261 594 2339 quarto.

420 2359 551 2441 Vereor,
572 2377 613 2424 ne
630 2357 745 2441 longus
764 2357 833 2438 sim,
856 2358 884 2423 si
903 2358 1001 2442 plura
1017 2359 1116 2426 verba
1133 2359 1195 2426 hae
1212 2360 1253 2426 de
1269 2379 1305 2425 re
1323 2358 1463 2439 fecerim,

334 2464 447 2549 itaque
460 2463 542 2529 haec
550 2463 651 2528 missa
659 2460 826 2544 faciamus,
836 2462 1029 2546 praesertim
1043 2485 1115 2529 cum
1129 2463 1285 2546 nonnulla
1297 2461 1464 2547 prooemia

334 2566 421 2642 inira
444 2568 586 2634 animum
608 2571 756 2633 nostrum
776 2565 811 2629 in
833 2585 868 2630 sa
890 2586 1084 2632 conversura
1105 2567 1180 2634 sint.

421 2761 579 2823 allocutio
602 2760 637 2820 in
658 2759 761 2820 medic
784 2758 868 2820 libro
891 2759 1064 2860 iterumad
1087 2761 1211 2855 saepius
1231 2762 1376 2840 repetita.

417 2875 573 2951 Nonnulli
611 2875 801 2962 scriptores,
841 2895 914 2944 cum
945 2897 1010 2942 non
1051 2881 1106 2942 sat
1140 2876 1300 2943 haberent
1331 2877 1463 2957 amicos,

334 2979 377 3048 ad
399 3002 481 3066 quos
503 2978 707 3059 scribebant,
737 2979 860 3064 alloqui
887 2979 992 3066 primo
1020 2986 1054 3047 et
1075 2979 1190 3047 ultimo
1213 2981 1279 3047 sire
1299 2980 1377 3062 libri
1397 2980 1462 3046 sive

333 3086 440 3171 operis
458 3083 572 3168 capite,
591 3087 695 3148 totam
713 3084 1015 3150 commentationem
1032 3085 1127 3169 quari
1144 3083 1359 3150 refercicbant
1375 3083 1461 3151 notis

333 3187 545 3254 dedicationis
580 3187 697 3252 iterum
725 3193 823 3270 atque
857 3187 974 3252 iterum
1010 3187 1139 3274 nomine
1168 3187 1250 3268 eius,
1288 3186 1331 3254 ad
1366 3207 1461 3272 quem

333 3290 526 3372 scribebant,
548 3292 581 3357 iu
599 3289 744 3382 vocativo
762 3289 886 3357 inserto
904 3290 960 3371 ita,
983 3295 1021 3355 ut
1038 3289 1140 3378 lector
1156 3311 1221 3358 non
1243 3291 1346 3358 solum
1366 3291 1471 3357 initio-

333 3400 366 3462 et
386 3393 449 3461 fine
473 3395 588 3479 operis,
611 3390 668 3460 sed
690 3392 787 3458 etiam
809 3413 1002 3478 unoquoque
1023 3393 1128 3477 capite
1150 3393 1376 3462 admoneretur
1393 3416 1461 3460 rem

315 3497 396 3564 ·sibi
424 3519 494 3565 esse
523 3516 594 3562 cum
621 3495 706 3562 libro
735 3496 893 3563 dedicate.
937 3497 978 3572 ls,
1008 3498 1064 3582 qui
1092 3497 1210 3582 accipit
1235 3497 1370 3580 librum,
1398 3497 1462 3563 hcc

331 3602 427 3668 modo
450 3606 613 3667 auctorem
637 3599 893 3667 conscribentem
917 3600 1179 3666 dissertationem
1208 3622 1337 3688 semper
1359 3600 1399 3666 de
1425 3621 1470 3666 se⁴

331 3705 528 3772 instituendo
550 3705 708 3789 cogitasse
735 3703 856 3770 certior
882 3703 987 3770 factus
1016 3704 1211 3771 allocutione
1239 3705 1395 3789 repetita,
1424 3710 1461 3769 ut

333 3815 431 3877 acuat
453 3808 595 3874 animum
614 3807 658 3873 ad
680 3807 919 3890 attendendum,
943 3807 1113 3896 excitatur.
1159 3809 1267 3893 Atque
1289 3808 1394 3875 nescio
1416 3827 1460 3873 an
1573 3901 1575 3905 v

332 3913 491 3998 suspicari
499 3912 597 3978 liceat
606 3913 725 3978 librum
732 3911 794 3978 hoc
802 3912 898 3977 modo
909 3912 1057 3979 omnibus
1066 3914 1100 3978 in
1109 3911 1258 3996 partibus
1272 3910 1460 3979 distinctum

330 4020 409 4083 nota
437 4015 648 4082 dedicationis
670 4036 691 4080 a
713 4017 817 4099 primo
839 4017 882 4082 ad
900 4015 1138 4083 'dedicationem
1159 4037 1231 4082 esse
1254 4017 1472 4097 destinatum„

330 4121 412 4187 Nam
429 4118 517 4185 haud
534 4139 610 4184 raro
628 4119 757 4200 accidit,
774 4125 813 4185 ut
830 4139 927 4203 opera
939 4119 1005 4184 iarn
1017 4121 1161 4205 perlecto
1174 4119 1302 4187 demum
1316 4121 1473 4188 auctoris.

329 4222 517 4316 innuentem
529 4221 653 4289 veniret
665 4222 769 4288 amieo
784 4222 910 4318 cuidam
921 4222 1009 4314 dare.
1033 4223 1157 4314 Plinius
1172 4242 1197 4288 e.
1209 4243 1247 4308 g,
1263 4224 1319 4307 qui
1329 4224 1472 4308 scripsit·

330 4311 543 4398 naturalem
561 4325 779 4410 historiam,
802 4326 881 4394 dicit
896 4329 930 4394 in
951 4325 1155 4413 praelatione
1172 4325 1214 4393 ad
1232 4324 1459 4420 imperatorem
1468 4375 1471 4396 ,ι
