3392 5150
389 1129 414 1222 i.
465 1128 521 1222 iio
551 1125 592 1222 vi
625 1129 753 1267 atoue
782 1123 935 1220 initus
968 1123 1255 1220 dedicationis.

534 1298 697 1364 Dedicatic
720 1301 901 1376 comparata
922 1315 993 1361 cnm
1014 1298 1102 1360 dono.
1131 1291 1133 1298 ’

342 1451 411 1517 Iam
433 1456 470 1516 ut
492 1450 534 1517 ad
555 1471 624 1516 rom
645 1450 752 1533 ipsam
773 1448 979 1528 accedamus,
1000 1447 1137 1533 primum
1158 1447 1384 1533 explicandum

256 1561 323 1635 est,
347 1555 425 1638 quid
447 1560 573 1621 veteres
595 1553 821 1637 cogitaverint,
843 1552 871 1617 si
893 1549 1086 1636 quibusdam
1107 1551 1207 1618 libros
1230 1571 1306 1618 suos
1329 1551 1384 1618 de·

256 1659 450 1746 monuerint,
480 1662 539 1725 aut
567 1661 605 1722 ut
632 1657 726 1724 aliter
753 1677 822 1722 rem
851 1655 1084 1740 exprimamus,
1112 1675 1197 1740 quac
1220 1656 1263 1721 sit
1284 1656 1384 1735 notio,

255 1763 312 1848 qui
324 1761 400 1828 finis
413 1760 572 1830 librorum
585 1759 808 1826 dedicationis.
845 1758 947 1837 Quem
963 1758 1007 1825 ad
1021 1760 1244 1844 quaestionem
1259 1758 1383 1824 solvon-

194 1859 198 1870 ’
255 1865 331 1933 dam
359 1871 481 1932 certam
510 1865 594 1930 uam
623 1862 716 1929 nobis
745 1862 920 1929 ostendunt
947 1862 1027 1928 haec
1054 1863 1153 1929 verbs
1182 1862 1311 1948 saepius
1340 1861 1383 1928 ad

255 1967 499 2053 significandam
516 1963 749 2033 dedicationem
766 1971 939 2053 usurpata:
962 1966 1070 2047 dico,
1093 1965 1234 2033 dedico
1251 1965 1288 2050 (Ι.
1307 1984 1383 2031 con·

254 2072 341 2156 ina),
366 2090 579 2151 consecro,
597 2073 743 2150 'voreo‚
766 2070 964 2156 spondeo,
987 2065 1252 2158 ἀνατίθημι).
1294 2068 1383 2148 Quae

257 2174 364 2241 omnia
385 2174 484 2240 verba
505 2175 648 2240 attinent
668 2172 825 2256 imprimis
847 2171 963 2239 adres
992 2194 1104 2240 sacras
1133 2178 1166 2240 et
1188 2172 1381 2258 significent:

255 2277 315 2344 deo
337 2276 468 2343 cuidam
489 2277 555 2344 sire
573 2277 651 2367 deae
670 2275 795 2360 aliquid
812 2296 940 2342 sacrare
964 2277 1031 2343 sivo
1052 2277 1209 2361 templum
1231 2276 1297 2343 sive
1319 2277 1382 2362 sig-

254 2403 330 2447 nnm
353 2380 420 2448 sive
441 2381 691 2448 instrumentum
713 2379 765 2462 (cf.
787 2381 935 2466 Heennyi
957 2380 1033 2449 diss.
1056 2401 1087 2465 p.
1113 2384 1232 2468 llssusi·

341 2485 431 2565 Quae
452 2485 651 2552 consecratio
672 2484 768 2551 aliter
781 2483 927 2570 intellegi
944 2506 1009 2551 non
1021 2490 1130 2570 potest
1149 2484 1211 2551 nisi
1230 2483 1381 2565 donum,

254 2610 317 2674 quo
339 2588 377 2668 is,
402 2588 458 2672 qui
480 2588 546 2666 dat.
570 2587 630 2653 deo
652 2587 778 2672 gratias
796 2607 894 2672 agere
911 2587 989 2654 velit
1005 2607 1065 2672 pro
1083 2587 1205 2655 auxdio
1224 2585 1286 2654 sibi
1303 2586 1380 2668 lato,

253 2713 318 2778 quo
339 2696 447 2776 roget,
477 2697 516 2757 ut
537 2689 616 2757 deus
637 2690 801 2775 propitiae
818 2696 962 2773 maneat,
992 2692 1131 2776 denique
1159 2710 1223 2777 quo
1252 2681 1381 2758 omnino

253 2795 304 2862 dis
327 2795 520 2862 caelestibus
542 2793 781 2862 venerationem
804 2795 972 2880 exprimat.
1012 2795 1102 2862 Idem
1124 2794 1188 2862 dici
1208 2799 1319 2881 potest
1340 2795 1381 2862 de
1457 2799 1460 2808 '

251 2899 344 2966 libris
367 2898 555 2964 dedicandis
579 2897 622 2965 ad
643 2897 834 2980 hominee²):
857 2899 934 2966 libri
956 2899 1041 2966 dono
1064 2900 1192 2981 dantur,
1214 2904 1252 2966 ut
1273 2906 1380 2967 osten·

236 2987 332 3069 ‘dant
353 3022 493 3069 amorem
516 3006 550 3069 et
571 3001 819 3069 admirationem
841 3002 921 3086 eius,
943 3002 998 3088 qui
1020 3003 1091 3084 dat,
1115 3023 1301 3086 organum,
1323 3005 1379 3089 qui

340 3192 359 3263 ¹)
375 3193 460 3262 Apud
476 3208 545 3260 quos
564 3193 711 3262 scriptores
729 3192 799 3246 heac
815 3192 901 3247 verba
918 3192 1054 3263 legantur,
1071 3193 1144 3248 inira
1159 3193 1293 3251 invenies.

337 3281 357 3350 ¹)
375 3277 433 3334 Nos
463 3278 536 3332 iusto
564 3279 624 3332 iure
650 3294 808 3348 comparare
831 3278 966 3333 librorum
989 3279 1192 3334 dedicationem
1214 3297 1278 3334 cum
1301 3281 1377 3335 dedi-

251 3365 358 3421 catione
382 3365 419 3419 ad
443 3365 509 3419 deos
527 3364 600 3419 faeta
623 3363 828 3419 demonstratur
851 3365 913 3420 loco
937 3366 1062 3421 Statiano
1088 3366 1151 3436 (14,
1168 3369 1201 3421 31
1220 3367 1278 3436 sq.),
1302 3367 1377 3438 unde

251 3467 419 3520 quamquam
437 3451 473 3505 de
497 3451 671 3506 dedicatione
696 3467 753 3504 non
776 3450 840 3504 libri
857 3451 947 3521 pleni,
972 3453 1022 3506 sed
1044 3452 1173 3508 carminis
1190 3452 1292 3522 singuli
1309 3470 1377 3508 non·
1399 3443 1406 3458 ’

251 3538 317 3592 dum
335 3535 403 3590 editi
420 3553 510 3591 sermo
535 3541 591 3606 est,
615 3540 709 3592 tamen
733 3537 793 3592 sine
817 3537 901 3592 dubio
926 3537 961 3592 de
977 3538 1007 3592 vi
1031 3538 1220 3592 dedicatorum
1242 3537 1377 3593 librorum

251 3622 456 3678 conclusionem
469 3621 560 3678 facere
573 3623 647 3680 licet.
665 3623 827 3678 Aocuratius
841 3623 932 3679 denno
945 3625 1019 3680 huno
1032 3624 1124 3678 locum
1136 3623 1376 3680 mactavitRnedi·
1499 3627 1508 3644 ·

219 3758 224 3771 ,
250 3727 340 3780 genus,
358 3725 442 3778 quem
458 3726 542 3779 snpra
559 3709 650 3778 citavi,
668 3728 695 3780 p.
714 3713 754 3767 18.
789 3710 868 3765 Habe
884 3710 970 3764 verba
987 3709 1084 3766 Statii:

406 3811 1154 3884 Qoarccocstdorotooaoomconccoaonooco
1201 3815 1203 3820 ’

404 3897 561 3968 meamea
578 3905 604 3955 ct
620 3899 691 3955 dices
698 3900 819 3970 praedae
836 3905 926 3956 tumeo
941 3900 1040 3970 ocupa
1057 3900 1132 3974 omni

402 3985 529 4042 rmum
546 3985 642 4041 Doleas
659 3985 733 4041 ticcio
751 3987 908 4056 cupidosque
919 3988 972 4042 taio
990 3986 1068 4056 (haec
1082 3989 1124 4041 est
1136 4003 1203 4041 vera
1216 3987 1373 4059 dedicatio)

402 4071 773 4142 Bedipocoecmcco...

403 4156 506 4227 θρωπε
522 4159 577 4214 ccii
592 4158 711 4214 teodoro
729 4160 815 4228 lyon.
835 4199 842 4214 .
861 4199 868 4214 .

247 4262 411 4317 Rectissime
429 4262 498 4316 haec
514 4261 600 4316 verba
617 4261 739 4332 explicat
751 4261 932 4332 Rnedigerus‚
949 4280 1012 4318 cum
1029 4262 1116 4318 dicat:
1136 4261 1249 4332 „Totum
1263 4243 1373 4318 carmen

247 4347 444 4506 :gentapffi
460 4347 537 4403 alind
560 4351 614 4417 est,
638 4346 692 4402 nisi
715 4364 837 4417 sacrum,
861 4349 936 4421 quod
959 4366 1066 4406 summo
1088 4350 1166 4422 qusai
1190 4349 1243 4408 deo
1267 4349 1371 4412 Rutilio
