3392 5150
906 493 947 570 tt

848 595 1003 604 ——n

365 693 412 760 dc
429 691 688 777 perfectione
705 693 902 762 iustitiae
918 693 1104 762 hominis.
1138 695 1228 774 Quae
1244 695 1330 765 ratio
1347 695 1484 762 interce·

364 795 422 863 dat
442 797 527 864 inter
547 795 725 864 Maximum
747 800 780 862 st
801 795 1013 882 Simplicium,
1035 798 1153 883 quibus
1175 798 1272 866 offert
1291 798 1335 868 M.
1357 798 1484 865 Plotius

365 899 525 968 Sacerdos
546 898 664 968 librum
685 899 732 965 dc
752 900 911 982 metris,
932 901 1128 987 ignoramus.
1172 902 1348 989 Agrippam
1370 906 1486 970 contra

363 1023 429 1070 non
456 1003 670 1090 propinquum
697 1023 769 1070 ease
796 1002 978 1073 Maecenati
1006 1009 1149 1083 constat,
1179 1005 1296 1090 quibus
1322 1009 1486 1090 Augustus

363 1105 532 1192 inscripsit
552 1095 914 1189 commentariensem,
936 1105 977 1176 ci.
999 1107 1166 1176 Plutarchi
1187 1126 1327 1196 compar.
1344 1109 1434 1175 Dem
1453 1111 1487 1174 ct

364 1208 428 1276 (lic.
450 1215 489 1292 ὠς
515 1204 607 1290 adro}
627 1213 643 1276 ὁ
665 1215 787 1294 Καῖσαρ
815 1212 848 1278 ἒν
875 1220 937 1292 ταῖς
964 1205 1037 1297 epig
1056 1207 1225 1299 Ἀγρίππαν
1246 1219 1298 1280 καὶ
1320 1210 1485 1300 Μαικήναν

364 1309 576 1400 ὖπομνήμααν
595 1311 722 1401 εἴρηκεν.

448 1414 621 1482 Videamus
651 1434 737 1482 nunc
765 1416 925 1500 quomodo
951 1416 1072 1484 factum
1100 1416 1158 1500 sit,
1193 1423 1230 1484 ut
1257 1416 1485 1485 nonnullorum

364 1538 494 1604 operum
516 1517 634 1602 singuli
655 1517 731 1585 libri
751 1518 933 1586 hominibus
954 1519 1091 1587 diversis
1112 1522 1179 1588 sint
1199 1520 1349 1588 dedicati
1389 1519 1487 1589 Cuius

364 1624 411 1688 roi
439 1620 618 1707 exemplum
646 1621 848 1690 notissimum
877 1626 953 1688 sunt
980 1621 1135 1690 Varronis
1163 1623 1239 1692 libri
1267 1623 1314 1690 de
1341 1623 1487 1710 lingua

364 1725 528 1807 Latina,
549 1743 686 1812 quorum
706 1725 792 1791 I-V
814 1723 955 1792 dedicati
977 1730 1052 1791 sunt
1070 1724 1228 1810 Septimio
1248 1726 1389 1809 cuidam,
1410 1725 1488 1794 libri

365 1827 539 1896 VI-XXV
551 1827 705 1896 Ciceroni.
729 1827 902 1910 causaest,
915 1827 1001 1915 quod
1011 1829 1116 1896 Varro
1125 1829 1271 1898 Ciceroni
1280 1833 1487 1919 προσφώνηαν

364 1933 568 2018 promiserat,
589 1937 627 2000 ut
648 1938 681 1998 et
701 1934 807 2018 ipssa
826 1931 978 1998 Cicerone
998 1931 1082 1998 libro
1104 1931 1288 2002 donaretur.
1333 1932 1397 2000 Sed
1418 1939 1488 2000 tarn

364 2033 460 2102 tarde
482 2035 623 2121 scripsit,
643 2040 680 2102 ut
700 2035 754 2100 hic
774 2036 862 2120 prius
880 2034 1075 2102 Academica
1091 2035 1262 2120 perficeret
1282 2037 1376 2122 cique
1398 2035 1487 2102 dedi·

364 2143 471 2217 caret,
503 2155 601 2222 quem
630 2141 665 2204 in
694 2137 842 2205 maribus
873 2139 977 2205 munit
1011 2137 1249 2208 dedicationem
1284 2139 1486 2226 promissam.
1525 2218 1528 2224 .

366 2239 474 2321 Quare
495 2241 613 2322 Varro,
641 2245 679 2307 ut
704 2261 801 2326 quam
822 2239 987 2307 celerrima
1009 2240 1198 2308 Oiceronem
1218 2245 1487 2322 remuneraretur,

364 2343 400 2410 id
412 2355 501 2430 opus,
521 2345 606 2430 quod
620 2349 725 2410 totum
738 2343 782 2409 ad
795 2343 986 2429 Septimium
1001 2344 1134 2410 mittere
1152 2344 1186 2409 in
1204 2345 1311 2424 animo
1328 2344 1490 2412 habuerat

364 2449 517 2532 micaque
538 2449 605 2515 iam
624 2445 727 2514 libros
744 2447 832 2514 1-v
850 2445 1022 2524 obtulerat,
1047 2468 1069 2514 a
1090 2453 1181 2515 serto
1203 2465 1309 2535 usque
1329 2448 1371 2518 ed
1390 2445 1488 2514 finem

362 2551 397 2616 in
419 2549 605 2618 Oiceronem
625 2550 803 2618 uanstulit.
844 2575 848 2586 ·

451 2669 543 2736 Idem
565 2667 669 2736 Varro
691 2673 758 2737 tres
778 2665 881 2735 libros
903 2687 1037 2737 rerum
1058 2667 1312 2737 rusticarum
1339 2670 1373 2734 in
1394 2675 1489 2736 usum

364 2765 553 2840 Fundaniae
580 2771 691 2840 uxoris
713 2772 855 2839 scribere
876 2769 992 2856 voluit,
1014 2772 1054 2839 cf.
1075 2773 1100 2855 l,
1122 2770 1142 2840 4
1165 2791 1225 2858 quo
1246 2776 1332 2841 α’ναα
1352 2773 1489 2841 cordam

363 2875 421 2944 tibi
432 2877 496 2944 tres
510 2877 614 2944 libros.
649 2867 695 2942 aa
712 2885 789 2942 vere
804 2874 888 2942 liber
904 2875 1064 2944 secundus
1077 2875 1235 2943 Turranio
1248 2871 1356 2962 Nigro,
1370 2877 1489 2943 tertius

336 3011 337 3017 ¹
364 2977 479 3046 Pinnio
500 2983 576 3046 sunt
596 2978 754 3063 inscripti.
797 2973 835 3044 In
860 2979 1095 3048 conscribendis
1116 2980 1215 3065 igitur
1237 2977 1374 3065 singulis
1395 2969 1488 3046 liblls

364 3096 437 3149 sum
466 3081 539 3150 aliis
568 3075 686 3149 officiis
714 3071 905 3152 obstrictum
931 3083 1072 3169 primum
1099 3081 1270 3150 consilium
1291 3092 1387 3148 omne
1408 3102 1489 3168 opus

364 3185 457 3252 rusori
478 3185 577 3254 dandi
599 3183 748 3252 omisisse
768 3183 920 3255 arbitror.
1219 3259 1226 3278 ι

450 3278 496 3355 Ut
516 3289 558 3355 ad
580 3285 679 3356 Statii
696 3284 883 3356 Silvarum
901 3287 933 3354 et
950 3289 991 3355 ad
1009 3285 1168 3356 Martialis
1185 3287 1488 3374 epigrammaton

364 3389 466 3458 libros
487 3391 669 3473 veniamus,
698 3389 786 3478 quod
813 3387 1034 3458 diversiolitri
1061 3397 1127 3457 non
1154 3391 1276 3457 cicdem
1303 3389 1488 3457 hominibus

365 3498 441 3562 sunt
460 3494 623 3580 inscripti,
652 3492 770 3560 mirum
790 3514 855 3561 non
877 3490 1004 3561 videtur
1025 3493 1306 3561 considerantibus
1327 3493 1487 3578 quomodo

365 3601 431 3665 sint
444 3583 532 3665 orti:
554 3601 669 3683 poetae
686 3598 781 3679 enim,
804 3597 832 3666 si
850 3599 901 3663 tot
918 3596 1063 3664 carmina
1080 3587 1285 3683 scripserant,
1309 3601 1389 3680 quot
1406 3603 1487 3682 opus

365 3705 458 3768 crant
488 3700 530 3770 ad
560 3698 691 3767 modum
720 3701 815 3767 unius
845 3697 922 3767 libri
950 3698 1164 3786 implendum,
1200 3709 1239 3766 ta
1272 3697 1423 3785 colligere
1453 3698 1487 3764 in

364 3817 464 3870 unum
476 3797 625 3871 volumen
639 3807 672 3870 et
684 3803 797 3890 amicis
811 3797 1029 3872 butoribusve
1041 3803 1137 3869 cdere
1150 3795 1341 3884 solebant&
1369 3795 1488 3885 Aliquo

364 3906 482 3974 deinde
517 3911 663 3993 tempore
697 3906 817 3993 singuli
849 3896 925 3974 libri
960 3905 1089 3974 collecti
1122 3909 1216 3991 quasi
1249 3907 1346 3973 unius
1381 3905 1486 3992 operis

364 4007 492 4079 numeri
513 3999 626 4077 ordine
647 4009 857 4078 notabantur.

450 4115 669 4200 Romanorum
690 4135 876 4213 auctorum,
903 4132 986 4217 quos
1013 4127 1048 4196 in
1070 4135 1276 4216 conspectum
1295 4131 1487 4212 vocavimus,

365 4223 434 4303 iere
470 4233 604 4311 ultimus
641 4233 792 4303 ultimum
828 4233 890 4302 hac
925 4232 961 4299 in
996 4252 1033 4300 re
1070 4227 1177 4299 locum
1215 4231 1375 4316 obtineat,
1415 4231 1487 4302 dico
