3392 5150
197 1073 199 1078 '
310 1027 345 1132 Ρ
345 1070 525 1156 repositum
546 1066 626 1134 mihi
648 1072 699 1134 est
724 1069 884 1137 disserere
907 1091 973 1154 qua
993 1070 1062 1157 lege
1084 1071 1265 1158 quibusque
1286 1074 1347 1140 sub

219 1171 368 1240 formulis
392 1173 568 1258 scriptores
592 1173 708 1239 Graeci
730 1179 763 1238 et
781 1174 919 1240 Romani
940 1174 1041 1241 libros
1065 1196 1140 1242 suos
1162 1174 1347 1242 hominibus
1389 1233 1390 1236 ,

219 1277 332 1343 amicis
354 1275 578 1342 fautoribusve
601 1275 831 1342 dedicaverint.
872 1277 943 1356 Qua
959 1279 994 1344 in
1010 1300 1046 1344 re
1067 1278 1242 1345 tractanda
1262 1281 1348 1350 viam

218 1381 397 1466 ingredior,
426 1399 523 1462 quam
553 1381 707 1464 perpauci
736 1387 810 1446 ante
839 1402 889 1447 me
918 1381 1002 1447 inire
1031 1385 1101 1450 ausi
1130 1388 1215 1450 sunt.
1265 1384 1348 1473 llam

220 1504 417 1569 quamquam
443 1482 531 1569 apud
553 1503 617 1564 eos,
647 1486 701 1568 qni
723 1485 763 1550 de
785 1483 923 1551 historia
945 1485 1128 1552 litterarum
1150 1486 1349 1554 Graecarum

220 1595 254 1656 et
275 1590 490 1655 Romanarum
520 1583 623 1653 fusius
652 1589 864 1673 scripserunt,
892 1609 957 1655 non
985 1609 1062 1655 raro
1084 1591 1220 1657 inveniri
1241 1597 1349 1676 potest

221 1693 276 1778 qui
305 1691 480 1776 scriptores
509 1691 627 1774 quibus
656 1691 840 1759 hominibus
863 1692 1082 1759 dedicaverint
1103 1694 1267 1761 volumina
1289 1716 1349 1762 sua

221 1801 270 1877 (ut
287 1816 313 1862 e.
328 1817 358 1881 g.
376 1794 411 1860 in
425 1792 572 1860 Teuffelii
590 1794 685 1876 libro,
704 1795 759 1878 qui
776 1795 966 1862 inscribitur
985 1795 1255 1879 ,Geschichte
1278 1799 1349 1864 der
1434 1799 1440 1816 '

220 1903 311 1968 rtim.
342 1899 596 1978 Literatur“,
632 1898 871 1964 accuratissime
906 1902 1057 1966 annotari
1090 1901 1202 1988 solet),
1242 1905 1349 1970 tamen

221 2004 423 2071 desideratur
446 2002 585 2067 omnium
602 2001 652 2067 vel
672 2000 883 2088 plurimorum
901 2002 1114 2070 dedicationis
1132 2006 1351 2091 exemplorum
1381 2041 1385 2050 -

221 2107 379 2188 collectio,
402 2125 486 2190 quae
507 2105 571 2170 nisi
592 2104 681 2171 facta
704 2105 756 2186 sit,
779 2106 858 2190 quin
881 2105 921 2171 de
939 2107 970 2171 vi
992 2112 1091 2191 atque
1113 2109 1239 2176 ratione
1261 2110 1350 2176 dedi·

222 2213 384 2278 cationum
420 2205 616 2293 generaliter
644 2209 697 2293 agi
725 2231 788 2275 non
816 2209 936 2292 possit,
971 2209 1091 2275 nemini
1120 2211 1252 2278 dubium
1280 2233 1351 2279 esse

221 2319 339 2401 potest.
383 2313 473 2380 Unus
502 2317 578 2378 ante
604 2334 663 2394 me,
692 2316 850 2398 quantum
872 2316 948 2396 scio,
968 2313 1114 2398 .Haenny
1134 2315 1169 2379 in
1197 2315 1351 2382 disserta·

220 2418 310 2484 tione
328 2415 504 2498 (Turioensi
518 2417 596 2481 anni
612 2419 718 2504 1884),
738 2417 789 2483 cui
806 2419 936 2484 titulum
950 2417 1132 2501 inscripsit:
1153 2417 1290 2500 ,Schri
1297 2418 1314 2484 f
1316 2424 1350 2484 t-

221 2520 374 2590 steller
400 2511 480 2586 und
502 2519 794 2608 Buehh'stndler
821 2522 860 2586 in
883 2523 1007 2601 Rom“,
1036 2542 1105 2586 rem
1132 2517 1181 2588 ita
1209 2528 1351 2618 tractare

222 2627 329 2710 coepit
349 2625 384 2690 in
406 2624 521 2690 ultimo
544 2624 651 2709 capite
672 2627 715 2710 (p.
742 2630 802 2690 116
825 2633 921 2710 sqq.)‚
953 2625 1009 2690 sed
1035 2624 1117 2690 nihil
1138 2626 1203 2691 nisi
1223 2624 1352 2692 initium

221 2735 279 2810 est,
310 2749 381 2795 cum
409 2727 506 2795 homo
527 2728 581 2794 ille
607 2729 722 2794 doctus
745 2727 837 2795 nulla
858 2729 924 2794 alia
952 2729 1098 2814 exempla
1126 2737 1353 2797 commemoret
1423 2771 1426 2778 ‹

220 2832 284 2898 nisi
305 2831 477 2898 notissima
498 2830 587 2915 apud
608 2831 803 2914 Ciceronem,
831 2831 1018 2912 Varronem,
1048 2833 1194 2914 Plinium,
1225 2833 1370 2916 Quinus

220 2935 349 3016 lienum,
371 2933 556 3001 Phaedrum
578 2934 684 3017 obvia,
708 2941 776 3000 tum
799 2936 944 3022 singulas
966 2957 1019 3002 res
1041 2957 1101 3020 pro
1121 2942 1210 3002 certo
1229 2943 1353 3004 statuat

221 3039 418 3125 argumentis
440 3059 503 3104 non
526 3037 655 3106 additis.
667 3040 691 3123 1)

306 3141 420 3227 Neque
447 3146 558 3208 tamen
585 3137 752 3208 infitiabor
780 3142 897 3209 studiis
920 3144 988 3207 eins
1010 3161 1062 3206 me
1083 3162 1148 3207 non
1170 3163 1275 3229 pauca
1297 3143 1352 3210 de-

221 3245 313 3326 bere,
350 3248 421 3310 cum
450 3248 507 3310 aut
534 3243 636 3330 ipsius
666 3245 865 3332 suspiciones
894 3243 1033 3330 probare
1054 3266 1198 3330 possem,
1230 3252 1288 3313 eut
1315 3253 1353 3313 ut

221 3405 427 3414 ....-—..—.-.-—

310 3469 329 3539 ¹)
347 3468 409 3522 Etsi
422 3485 444 3522 e.
460 3485 486 3538 g.
499 3471 594 3523 nostra
607 3469 652 3522 via
669 3485 701 3522 ac
714 3467 822 3522 ratione
840 3467 939 3522 eodem
956 3468 1130 3537 pervenimus
1149 3471 1231 3537 atque
1249 3469 1303 3538 illc,
1321 3473 1353 3523 ut

223 3573 324 3610 nomen
349 3555 415 3624 eins,
438 3555 475 3608 ad
492 3571 575 3623 quem
591 3555 663 3609 liber
680 3555 794 3623 qnidam
812 3555 930 3624 scriptus
948 3555 992 3624 sit,
1017 3555 1193 3609 coniunctum
1212 3571 1272 3608 esse
1290 3572 1352 3609 cum

222 3643 304 3697 titulo
336 3642 516 3710 arbitremur,
547 3645 641 3694 tamen
666 3641 787 3694 libenter
811 3639 998 3710 acciperemus
1023 3641 1057 3694 ab
1081 3640 1228 3709 Haennyo,
1252 3641 1352 3708 quibus

221 3728 376 3783 rationibus
394 3725 506 3780 fulciret
522 3727 595 3780 hanc
613 3726 788 3795 sententiam,
807 3743 869 3780 cum
884 3743 941 3780 non
954 3725 1052 3780 liceret
1064 3727 1136 3780 hanc
1149 3725 1352 3780 conclusionem

223 3813 313 3868 facere
332 3831 347 3867 e
365 3811 514 3881 codicibus,
532 3813 580 3880 qui
593 3813 665 3866 forte
679 3813 753 3882 apud
769 3813 916 3882 scriptores
930 3811 964 3866 ab
977 3812 1111 3880 Haennyo
1126 3815 1353 3866 commemoratos
1428 3843 1433 3856 ·

222 3899 327 3954 habent
340 3899 452 3954 nomina
467 3915 569 3968 eorum,
587 3900 686 3967 quibus
700 3896 765 3953 libri
778 3903 844 3952 sunt
855 3899 992 3968 inscripti,
1004 3900 1035 3952 in
1047 3899 1137 3967 titulo,
1156 3915 1219 3951 cum
1231 3899 1353 3968 traditio,

224 4002 293 4054 quae
317 3985 425 4054 dicitur,
449 3985 599 4040 multorum
623 3985 740 4040 aliorum
764 3984 905 4054 librorum,
930 4002 999 4053 quos
1021 4002 1084 4039 meo
1107 3984 1220 4053 quidem
1237 3984 1353 4038 arbitrio

224 4087 283 4125 esse
308 4071 449 4126 dedicatos
474 4075 589 4140 constat,
613 4072 687 4125 hunc
711 4071 832 4125 indicem
856 4071 1037 4125 dedicationis
1055 4072 1085 4124 in
1101 4069 1183 4123 titulo
1201 4087 1258 4124 uon
1275 4087 1353 4139 prae·

223 4157 331 4212 herent.
357 4157 466 4212 Deinde
484 4175 538 4226 quo
554 4159 614 4212 iure
627 4159 744 4227 Haenny
762 4157 798 4227 (p.
814 4160 871 4226 116,
885 4159 917 4212 31
932 4159 983 4229 sq.)
1001 4157 1104 4212 dixerit
1120 4156 1210 4225 prima
1227 4157 1354 4225 exempla

224 4243 429 4298 dedicationum
447 4245 522 4320 apud
535 4245 675 4300 Romanor
688 4245 808 4300 inveniri
820 4245 850 4297 in
865 4245 1031 4299 commercio
1045 4243 1201 4298 litterarum
1216 4243 1353 4297 Ciceronis

224 4329 381 4385 dissertatio
399 4347 461 4385 mea
479 4331 689 4389 demonstrabit.

1066 4449 1068 4455 ·
1181 4435 1195 4491 1
