3392 5150
873 471 913 546 Ii

332 653 461 748 credere
488 649 582 723 nobis
610 653 696 739 lieet.
740 654 907 737 Palladius
930 663 1025 726 certe·
1046 658 1117 746 ipse
1144 661 1244 740 libros
1271 684 1330 750 per
1355 665 1456 752 ‚ipsius

331 757 500 838 librarium
527 755 708 846 descriptos
736 757 864 831 misisse
891 760 1032 846 ridetur,
1062 768 1099 842 ut
1119 765 1268 838 concludi
1286 773 1396 852 potest
1415 789 1456 848 aa

330 861 531 954 cruciatione
559 861 635 931 libri
664 862 710 928 de
737 860 955 932 insitione:
984 867 1067 952 qood
1093 868 1254 946 enormiora
1280 871 1357 938 hoec
1384 921 1392 938 .
1416 919 1455 936 ..

330 968 547 1049 caica-quom
562 966 706 1032 rossana
722 967 842 1049 acripm
857 972 941 1050 scat,
960 969 1086 1036 lotrorr'i
1101 991 1217 1039 mcccc
1234 976 1358 1064 sacrior
1372 975 1454 1059 font.

416 1069 487 1139 Hoc
520 1067 666 1156 proiecto
696 1089 757 1153 pro
787 1075 877 1136 certo
911 1076 1053 1139 statuere
1082 1073 1178 1141 ficere
1207 1076 1285 1142 mihi
1314 1077 1455 1144 ridetur:

331 1171 510 1258 exemplum
537 1170 614 1251 libri
642 1171 953 1261 reuomentem
981 1181 1114 1252 auctore
1142 1177 1186 1249 ad
1207 1199 1279 1249 eum
1307 1181 1456 1265 primum,

331 1276 385 1346 cui
411 1275 606 1355 donabatur,
633 1274 834 1358 mittebatur,
860 1277 1049 1363 priusquam
1071 1299 1152 1366 opus
1173 1281 1315 1358 editione
1335 1284 1456 1369 publici

281 1441 287 1454 .
330 1380 412 1448 iuris
439 1378 554 1460 fiebat,
584 1379 651 1446 sive
679 1378 855 1467 descriptio
885 1380 1061 1459 curabatur
1088 1383 1129 1450 ab
1156 1383 1259 1469 ipsius
1288 1387 1456 1473 scriptoris

331 1483 432 1554 serris
454 1483 519 1562 sire
542 1480 583 1549 ab
605 1483 678 1549 aliis
701 1481 904 1570 quibusdam.

417 1591 527 1676 Aque
549 1606 637 1654 more
660 1587 846 1674 Ciceronem
868 1587 967 1654 semel
988 1587 1176 1675 decessisse,
1198 1612 1271 1658 cnm
1293 1591 1458 1662 dedicaret
1519 1647 1521 1650 -

331 1692 470 1770 Varroni
499 1690 709 1774 Academica,
745 1691 989 1759 commemorari
1019 1692 1123 1762 debet.
1167 1695 1216 1760 Ex
1245 1697 1392 1782 epistulis
1414 1699 1457 1776 ad

332 1799 397 1872 Act.
414 1795 502 1866 XIII.
526 1801 648 1863 12-44
671 1796 831 1882 quomodo
850 1795 940 1873 facta
960 1796 1005 1862 sit
1025 1797 1104 1864 haec
1126 1798 1288 1867 dedicatio
1309 1807 1457 1889 apparet

331 1903 494 1994 I’robante
511 1900 621 1968 Attico
639 1899 750 1967 Cicero
770 1900 940 1982 consilium
957 1900 1044 1987 capit
1062 1901 1103 1971 ad
1117 1903 1293 1972 Varronem
1310 1905 1457 1977 mittendi
1496 1971 1498 1977 ,

331 2007 538 2096 Academica3
573 2005 716 2072 videmus
744 2024 825 2088 opus
852 2024 1015 2087 crescens,
1048 2005 1140 2072 libris
1167 2007 1318 2093 perfectis
1346 2009 1457 2078 Cicero

332 2110 447 2200 scribit
468 2114 549 2200 22,:
586 2109 737 2190 Varroni,
766 2110 863 2188 socci
890 2130 928 2176 cc
956 2115 985 2176 tc
1012 2110 1130 2191 videro,
1158 2109 1190 2176 si
1216 2111 1272 2178 rer
1295 2111 1456 2196 arcear,

330 2219 470 2298 mittam
503 2214 570 2281 iam
599 2211 760 2296 dubitatio
787 2212 821 2278 in
849 2232 887 2279 eo
916 2213 1034 2294 oritnr;
1062 2218 1242 2298 sequuntur
1262 2214 1361 2281 rerba
1381 2215 1458 2312 card

331 2326 435 2397 autem
452 2319 633 2400 duodecim,
650 2339 721 2384 cam
735 2317 842 2412 cidem
858 2321 895 2398 te,
913 2317 1000 2384 coice
1030 2316 1110 2382 Tum
1128 2317 1271 2384 Atticum
1287 2317 1458 2386 certiorem

330 2423 446 2504 fecisse
458 2423 587 2500 ridetur
599 2420 661 2496 hac
674 2422 714 2486 de
727 2442 779 2488 re:
793 2421 858 2494 iam
871 2420 1033 2488 volumina
1045 2421 1078 2487 in
1092 2421 1243 2492 manibus
1257 2422 1358 2489 Attici
1371 2428 1457 2498 sunt.

332 2526 445 2619 Cicero
454 2526 674 2608 enimveritus,
684 2544 726 2590 ne
737 2523 928 2598 libriminus
937 2524 1271 2609 probenturVarroni,
1278 2525 1457 2609 periculum

331 2631 479 2712 mittendi
506 2632 541 2697 in
569 2652 604 2698 ss
631 2630 773 2722 recipere
794 2648 859 2704 nou
880 2627 964 2698 vult:
990 2631 1099 2712 potius
1122 2629 1222 2696 Attici
1238 2630 1382 2716 caicato
1403 2629 1457 2710 (od

331 2736 400 2816 ce.
419 2735 497 2817 XIII
520 2736 574 2820 25)
595 2734 775 2816 mtttentur.
819 2733 953 2812 Atticus·
971 2737 1005 2798 et
1026 2733 1097 2818 ipse
1117 2733 1221 2820 primo
1237 2735 1457 2820 perhorrescit,

331 2827 440 2930 tamen
468 2835 625 2917 mandate
648 2837 810 2916 Ciceronis
839 2837 1032 2922 exsequitur.
1078 2836 1168 2922 Opus
1189 2837 1298 2922 placet
1320 2837 1459 2904 Varroni

331 2942 390 3028 ita,
418 2945 576 3033 utquam
599 2939 763 3018 celerrime
785 2939 970 3014 Ciceronem
991 2941 1192 3021 remunerari
1214 2941 1344 3019 studeat
1364 2939 1458 3011 libris

333 3045 379 3134 de
406 3044 551 3129 lingua
572 3043 730 3124 Latina.
775 3043 886 3112 Cicero
915 3043 999 3126 enim
1027 3043 1105 3110 nihil
1131 3043 1292 3129 omiserat,
1321 3049 1357 3111 ut
1379 3043 1457 3109 ami·

333 3170 405 3228 cnm
428 3149 523 3232 quasi
543 3148 719 3240 propitium
742 3145 805 3212 sibi
826 3145 986 3226 redderet,
1008 3146 1126 3212 librum
1147 3146 1234 3213 mitti
1250 3147 1346 3223 iussit
1362 3167 1458 3234 prae-

333 3251 420 3326 clare
449 3256 653 3338 exornatum3
682 3251 721 3317 cf.
750 3249 793 3319 ed
819 3250 887 3315 Act.
910 3249 988 3320 XIII
1011 3255 1073 3339 25,
1107 3253 1256 3334 quoniam
1282 3253 1458 3336 aamercort

331 3359 463 3443 facimus
490 3359 525 3435 jin
551 3354 748 3436 maurocello.
794 3352 891 3442 Cuius
919 3353 968 3428 roi
997 3353 1087 3420 aliud
1113 3355 1294 3440 exemplum
1321 3353 1458 3440 praebet

334 3446 518 3559 Lygdamus
552 3463 665 3550 poete,
704 3477 777 3526 oum
812 3457 956 3523 Neaerae
990 3476 1068 3524 suae
1101 3457 1278 3530 carminum
1312 3458 1458 3532 volumen

334 3565 444 3648 mittat
458 3561 659 3647 magnificum
671 3561 704 3628 in
719 3558 848 3640 modum
861 3559 1075 3650 descriptum
1089 3557 1130 3632 cf.
1140 3559 1255 3632 Tibull.
1265 3559 1324 3642 III,
1340 3566 1456 3648 19sqq.

334 3670 445 3761 Neque
466 3686 517 3750 ma
538 3685 649 3758 errare
670 3669 757 3750 puto,
781 3664 809 3733 si
822 3664 981 3732 contendo
1002 3684 1057 3730 eos
1078 3663 1262 3754 scriptores,
1279 3664 1336 3749 qui
1356 3663 1458 3742 libros

336 3791 411 3854 suos
446 3768 624 3849 obtulerint
656 3766 906 3853 imperatoribus
934 3772 969 3834 et
999 3767 1148 3857 regibus,
1183 3766 1365 3852 sumptibus
1392 3789 1458 3836 non

334 3873 516 3972 pepercisse
536 3874 570 3952 iu
592 3871 785 3952 exornandis
805 3869 1029 3940 voluminibus.

336 4068 482 4133 Editicno
498 4067 585 4129 facta
603 4066 753 4145 quomodo
771 4065 854 4127 libor
875 4065 1037 4128 dedicatus
1061 4065 1226 4132 distinctus
1249 4065 1292 4127 sit
1313 4065 1352 4126 ab
1375 4063 1465 4134 aliia,

421 4185 487 4252 Iam
511 4203 594 4280 opus
610 4181 793 4272 dedicatum
810 4201 858 4271 ea,
876 4201 973 4278 quam
991 4179 1137 4265 diximus,
1155 4179 1284 4268 ratione
1300 4201 1339 4247 ac
1354 4180 1409 4246 ria
1424 4181 1458 4246 in

336 4310 451 4357 manus
473 4287 543 4354 eius
563 4286 716 4372 pervenit,
739 4285 791 4352 oui
813 4284 1007 4352 destinatum
1028 4289 1110 4363 erat,
1134 4289 1167 4349 et
1186 4283 1240 4348 hic
1255 4283 1458 4368 potissimum

336 4394 370 4473 id
397 4391 551 4491 possidet.
595 4390 694 4486 Atqui
721 4390 909 4485 plerumque
935 4409 1020 4483 quae
1048 4388 1250 4479 quaestiones
1272 4409 1293 4465 a
1321 4389 1457 4480 scripto·
