3392 5150
877 399 920 480 46

822 500 976 512 -1—-1

334 597 540 670 Constantini
559 599 602 668 ad
618 595 804 686 Poriyrium
821 599 1047 688 (edliueller.
1062 601 1460 686 precatoriorum).

333 705 452 772 Similis
474 711 526 771 est
546 725 608 772 vox
629 725 651 772 a
671 703 777 771 Plinio
799 705 836 772 N.
857 703 897 770 Η.
919 704 981 790 pri.
1005 709 1024 789 ξ
1047 709 1067 771 8
1090 701 1240 775 adhibita
1261 710 1463 792 aeaaepotio.

364 869 366 874 -
419 826 616 894 Brevissima
637 825 777 911 denique
795 831 829 892 et
845 824 1062 893 adamant
1078 825 1185 894 forma
1200 831 1238 894 ut
1255 827 1343 914 apud
1360 829 1462 896 Grae·

332 950 397 1012 eos,
418 932 467 998 ite
489 930 576 1016 apud
593 931 756 998 Romanos
777 929 866 998 tituli
888 931 1148 999 commemoratio
1166 933 1366 1000 estnomiue
1383 933 1463 1015 eius,

333 1035 376 1101 ad
401 1055 497 1118 quem
518 1034 602 1102 liber
623 1034 762 1119 scriptus
784 1039 843 1114 est,
868 1034 980 1104 addito
1002 1031 1089 1102 hunc
1104 1034 1139 1102 in
1156 1035 1306 1104 modum:
1328 1037 1463 1104 Aeaeae

336 1137 441 1207 Potae
462 1139 506 1206 ad
530 1139 696 1206 caesarea
719 1138 747 1219 Ι,
774 1139 906 1206 Caesius
924 1139 1055 1208 Boeotos
1077 1140 1120 1206 ad
1144 1141 1303 1208 Neronem
1324 1141 1363 1208 de
1382 1142 1463 1206 ἰοπ-

332 1243 406 1325 bico,
433 1243 591 1311 Cornutus
612 1243 656 1310 oc
678 1241 828 1310 Itote'oam
845 1244 883 1309 de
902 1242 1047 1329 reate,
1070 1243 1283 1332 (Apollodori)
1301 1263 1359 1312 ars
1380 1243 1464 1310 edita

336 1347 381 1414 ad
404 1346 547 1412 Matrem
568 1351 628 1412 eto.

420 1449 625 1534 Aliquotiens
654 1452 749 1515 tanta
771 1447 940 1534 diligentia
961 1453 1087 1517 veteres
1119 1450 1296 1536 scriptores
1326 1452 1464 1515 utuntur

333 1554 366 1619 in
388 1550 582 1618 enarrandis
604 1548 698 1618 libris
721 1551 889 1634 dedicatis,
911 1553 1079 1635 matiam,
1102 1555 1131 1621 si
1152 1552 1354 1641 prooemium
1370 1571 1463 1637 prae·

335 1657 469 1723 missum
500 1645 587 1738 erat,
617 1655 815 1724 edoceamur.
856 1655 998 1736 ,Photius
1020 1679 1048 1723 e.
1066 1677 1096 1742 g:
1117 1656 1187 1723 cod.
1208 1661 1269 1722 158
1292 1656 1401 1722 diceas
1425 1653 1465 1720 de

333 1758 530 1845 Phrynicho:
559 1758 721 1852 Κομμόδῳ
746 1753 781 1827 vd
809 1764 926 1845 βιβλίον
954 1755 1152 1850 προσφωνῶν,
1185 1760 1308 1845 inquit,
1338 1755 1465 1852 κᾴκείνῳ

322 1862 599 1950 προοιμιαζόμενος
619 1875 675 1932 κτλ
696 1863 853 1930 Varronis
872 1864 986 1931 deinde
1006 1864 1107 1932 libros
1129 1863 1176 1930 dc
1199 1863 1362 1948 origine
1382 1860 1465 1929 lin·

335 1987 437 2051 guae
467 1968 644 2033 Latinae
674 1967 876 2050 praelatione
906 1967 1008 2034 fuisse
1044 1972 1216 2036 exornatos
1250 1969 1364 2034 narrat
1397 1965 1464 2031 Ioh.

334 2070 412 2156 Lyd.
436 2069 477 2136 de
505 2088 588 2152 mag.
611 2069 636 2152 I,
661 2075 695 2136 5:
725 2070 931 2156 Βάρρων...
960 2077 993 2140 ἐν
1015 2075 1178 2158 προοιμίοις
1198 2069 1259 2140 τῶν
1281 2065 1353 2156 προς
1375 2077 1465 2154 Πομ-

335 2203 435 2262 πηίον.
505 2205 508 2212 “

292 2291 295 2296 ’
422 2277 549 2343 Coelius
567 2275 739 2361 Antipater
761 2276 800 2342 de
822 2276 908 2343 bello
927 2275 1047 2344 Punico
1070 2275 1188 2344 librum
1212 2297 1405 2363 componens
1423 2275 1466 2342 ad

335 2378 371 2444 L.
400 2379 526 2445 Aelium
558 2380 756 2466 prooemium
792 2381 937 2465 scripsit,
976 2379 1017 2446 ci.
1051 2378 1114 2446 cio.
1146 2386 1227 2447 orat.
1257 2381 1392 2469 69l229:
1430 2381 1466 2445 tre

331 2487 487 2566 prooemio
508 2484 581 2550 tettr'
604 2481 723 2550 Poeta
744 2505 765 2549 a
788 2485 825 2550 L.
849 2481 950 2564 Aetio,
973 2484 1016 2550 ad
1037 2502 1127 2567 quem
1148 2485 1278 2568 arrepsit
1298 2504 1365 2568 eqs.
1511 2533 1519 2558 .

421 2586 459 2652 In
488 2587 594 2672 Valgii
621 2585 697 2654 Rufi
725 2585 925 2673 praefatione
956 2586 1036 2672 quid
1064 2587 1187 2654 dietum
1215 2585 1315 2654 fuerit
1342 2587 1466 2652 Plinius

335 2690 374 2756 N.
392 2690 432 2754 H.
452 2695 512 2777 25⁴
535 2691 677 2774 exponit,
699 2711 771 2756 eam
789 2698 1016 2757 commemoret
1032 2692 1246 2775 e'rapeopeotam
1263 2690 1406 2757 rotemero
1423 2690 1467 2756 ed

338 2794 446 2860 diaeo
468 2794 650 2878 Aeqoetam
672 2844 678 2856 .
699 2843 737 2872 ,ἶ
757 2793 904 2860 treotota
925 2797 1020 2860 etan
1034 2795 1246 2879 praefatione,
1267 2799 1304 2860 at
1324 2794 1466 2860 matoes

336 2897 432 2963 aeolia
453 2895 543 2962 titius
561 2945 568 2960 .
586 2946 596 2962 .
615 2947 622 2959 .
642 2900 799 2981 percepta
821 2918 942 2981 semper
964 2887 1139 2964 mederetur
1160 2900 1319 2964 maestae.

423 2999 481 3080 Eo,
504 2999 590 3084 quod
612 3005 680 3066 tam
702 3020 798 3085 saepe
820 2989 951 3086 tamque
973 3008 1129 3067 accurata
1151 2999 1320 3084 diligentia
1342 3003 1466 3066 veteres

338 3103 511 3192 scriptores
534 3103 574 3168 de
595 3103 691 3170 libris
714 3103 952 3170 dedicationes
975 3105 1129 3171 certiores
1151 3103 1289 3182 faciunt,
1312 3125 1360 3185 ea,
1384 3122 1466 3186 quae

337 3227 437 3292 supra
480 3209 682 3291 exposuimus
726 3206 766 3272 de
810 3207 1036 3274 aestimatione
1080 3208 1165 3291 apud
1208 3212 1344 3286 veteres,
1389 3211 1465 3292 epte

337 3311 551 3377 illustrantur.
596 3309 686 3376 Libri
714 3309 877 3376 dedicatio
906 3315 959 3377 sat
980 3308 1198 3377 memorabilis
1224 3330 1294 3377 esse
1317 3310 1385 3377 visa
1407 3314 1465 3392 est,
1504 3373 1506 3378 ,

338 3419 376 3480 ut
405 3415 543 3497 posteris
570 3413 758 3480 traderetur
787 3419 900 3496 atque,
931 3414 1218 3498 quotienscumque
1247 3412 1324 3479 libri
1352 3412 1466 3480 donati

338 3517 457 3584 mentio
479 3515 582 3600 fieret,
604 3503 918 3584 commemoraretur.
