3392 5150
763 549 802 614 21

217 740 322 811 eidem
350 738 556 807 Demetriaco
585 737 760 826 discipulo,
791 739 841 805 cui
869 741 904 804 et
931 736 1013 803 ahos
1041 738 1142 808 libros
1169 739 1271 824 misit)
1293 739 1346 808 rix

217 844 403 931 ambiguum
433 863 503 909 asse
532 846 641 925 potest
670 841 855 927 respicienti
889 839 933 909 ad
968 861 1022 923 ea,
1057 863 1141 928 quae
1176 865 1276 928 supra
1309 844 1344 911 in

216 950 403 1017 universum
424 945 632 1013 disseruimus
655 944 696 1013 de
717 944 877 1012 dedicatis
899 944 941 1011 ad
962 945 1174 1030 imperatores
1194 947 1297 1016 libris.

303 1050 366 1120 Sed
386 1051 468 1118 haec
489 1050 589 1116 missa
610 1048 780 1116 faciamus.
820 1047 992 1135 Magnifica
1012 1048 1071 1116 illa
1091 1049 1192 1117 rerba
1212 1050 1341 1120 facilius

217 1159 397 1226 tolerantur
417 1156 451 1221 in
472 1152 621 1221 oratione
642 1152 778 1237 poetica,
801 1173 828 1220 e.
851 1173 880 1237 g.
903 1151 1038 1235 Manilii,
1061 1153 1117 1237 qui
1138 1152 1258 1220 fertur:

345 1259 397 1347 17.
429 1259 524 1324 Hanc
545 1257 623 1323 mibi
644 1261 687 1341 tu,
715 1256 915 1324 Cacsar...
986 1269 989 1304 -’

360 1409 399 1451 ro·
430 1362 504 1428 Bas
525 1362 669 1427 abionem
689 1360 832 1443 ceresque
849 1360 933 1444 facis
954 1361 999 1426 ad
1019 1364 1111 1428 mata
1131 1362 1276 1428 cmmoda

216 1465 267 1535 vel
289 1465 474 1536 Germanici
495 1466 585 1530 hrot.
606 1487 634 1532 τ.
654 1467 673 1528 2
695 1484 781 1548 sqq.:

347 1571 509 1637 Carminis
531 1573 566 1635 at
585 1568 684 1649 aubia
704 1569 835 1652 amtor,
858 1571 893 1634 ia
913 1568 1073 1634 machaas
1094 1573 1205 1636 auctor
1278 1639 1280 1641 ,

347 1673 390 1740 Te
409 1692 546 1754 casaur,
568 1672 625 1738 tbi
644 1691 741 1737 sacra
760 1670 828 1754 fero
846 1723 853 1738 .
873 1718 907 1737 ..

346 1775 420 1843 Pac
441 1781 499 1842 tao
520 1780 614 1858 mque
636 1775 726 1840 adsta
747 1778 822 1840 nato
842 1794 1017 1858 numenque
1038 1775 1198 1842 secundae.

301 1881 475 1946 Praeterea
495 1878 577 1945 haec
598 1877 745 1960 exempla
765 1878 940 1960 primorum
966 1877 1197 1961 imperatorum
1226 1877 1345 1945 aetatis

215 1989 304 2064 sunt,
333 2004 399 2069 qua
427 1982 598 2049 sinceritas
620 1978 793 2046 affectuum
814 1979 907 2048 libris
935 1981 1094 2048 dedicatis
1121 2003 1345 2067 expressorum

215 2086 324 2154 adhuc
352 2084 552 2152 servabatur.
603 2085 683 2150 Tum
711 2084 863 2168 scriptori
890 2086 983 2152 licuit
1010 2084 1107 2172 plura
1134 2086 1216 2151 scire
1246 2107 1344 2171 qnam

217 2189 411 2278 imperatori
428 2187 480 2270 (of.
499 2186 626 2272 Vegetii
642 2188 749 2253 locum
767 2207 867 2273 supra
884 2188 1101 2275 exscriptum),
1117 2188 1210 2255 licuit
1225 2189 1344 2273 imper-

216 2295 278 2361 tire
307 2293 436 2359 domino
466 2291 647 2358 doctrinam
675 2311 776 2358 suam.
807 2289 844 2356 Ε.
864 2312 894 2376 g.
922 2291 1167 2359 Andromachae
1203 2292 1344 2360 medicus

158 2450 162 2457 .
215 2398 374 2465 Neronem
396 2393 541 2463 instituit
562 2393 603 2458 de
626 2394 781 2461 sanandis
803 2394 1002 2481 serpentium
1023 2395 1194 2463 morsibus.
1237 2395 1343 2480 Impe-

215 2508 358 2569 ratorem
380 2489 468 2583 leges
489 2499 643 2566 metricas
664 2499 868 2584 ignorantem
891 2498 1023 2566 Caesius
1044 2499 1166 2566 Bassus
1184 2519 1342 2566 commen-

214 2607 338 2672 tatione
357 2604 403 2670 de
420 2601 599 2668 iambico
617 2602 749 2668 adiuvit.
785 2601 896 2685 Neque
914 2605 1021 2670 minus
1035 2603 1150 2670 Graeci
1168 2604 1344 2692 scriptores

216 2708 316 2775 lulius
345 2707 458 2773 Pollux
487 2710 520 2771 et
545 2705 728 2792 Polyaenus
756 2705 828 2770 ausi
857 2712 933 2771 sunt
961 2725 997 2772 se
1024 2707 1198 2792 magistros
1228 2691 1344 2776 offerre

215 2810 426 2890 CaesaribuS,
454 2809 510 2875 ille
531 2805 745 2896 ὄνομαστικόν,
775 2808 828 2874 hic
855 2810 1094 2897 στρατηγήματα
1125 2809 1342 2879 elaborantes.

300 2914 385 2995 Quin
407 2913 504 2980 etiam
525 2911 602 2979 libri
624 2911 666 2978 ad
688 2912 829 2979 civitatis
855 2909 996 2978 r'ectores
1018 2912 1109 2979 missi
1130 2913 1217 2980 iuter
1238 2916 1344 2998 prima

213 3017 423 3084 dedicationis
452 3015 600 3099 exempla
627 3020 715 3096 sunt,
748 3037 831 3100 quae
866 3015 995 3081 omuino
1030 3014 1124 3083 nobis
1159 3025 1342 3086 occurrunt.

212 3122 291 3188 lude
311 3141 332 3186 a
348 3119 447 3186 tertio
468 3119 552 3184 enim
567 3139 595 3184 a.
612 3117 685 3186 Chr.
700 3140 731 3184 n.
747 3119 879 3185 saeculo
898 3120 1076 3204 permultos
1092 3119 1192 3187 libros
1209 3121 1342 3207 regibus

96 3259 100 3268 ·
212 3224 350 3312 Aegypti
372 3229 406 3291 et
426 3222 585 3308 Pergami,
608 3221 790 3289 Ptolemaeo
809 3221 1031 3307 Philadelpho,
1054 3223 1176 3306 Attum,
1197 3223 1343 3308 Eumeni,

201 3328 297 3394 dono
319 3348 391 3395 esse
413 3327 507 3393 datos
528 3326 714 3392 invenimus.
748 3325 812 3391 Vix
828 3345 982 3406 erremus,
1005 3326 1033 3392 si
1055 3327 1117 3393 hoc
1138 3326 1234 3394 modo
1255 3327 1342 3396 viros

213 3431 335 3512 doctos,
364 3430 418 3514 qui
441 3428 484 3496 ab
506 3428 638 3514 regibus
657 3427 723 3495 suis
747 3428 790 3495 ad
810 3428 911 3496 libros
934 3449 992 3514 per
1014 3429 1228 3498 bibliothecas
1252 3430 1341 3498 colli·

213 3535 335 3618 gendos
348 3531 628 3618 disponendasque
645 3530 896 3613 advocabantur,
914 3533 1052 3619 gratiam
1065 3533 1188 3600 referre
1202 3535 1341 3602 voluisse

212 3657 273 3724 pro
297 3635 461 3703 beneficiis
483 3657 504 3702 a
525 3635 657 3720 regibus
679 3637 711 3700 in
735 3654 770 3701 se
792 3635 921 3702 collatis
948 3636 1152 3703 arbitremur.
1197 3637 1261 3705 Sed
1284 3638 1340 3707 'his
1433 3672 1436 3676 ·

216 3760 344 3827 quoque
373 3737 574 3822 temporibus
603 3737 838 3806 dedicationem
866 3740 908 3805 ad
938 3760 1031 3824 reges
1060 3741 1126 3806 iam
1156 3741 1190 3806 in
1221 3762 1340 3808 morem

211 3844 345 3910 vertisse
382 3844 623 3909 demonstratur
659 3841 768 3908 verbis
804 3841 929 3908 Laertii
971 3843 1124 3927 Diogenis
1159 3843 1236 3925 VII,
1269 3847 1340 3927 185,

210 3953 284 4013 cum
298 3945 390 4013 dicat
401 3947 441 4012 de
455 3944 635 4033 Chrysippo
649 3944 830 4012 Stoicorum
845 3946 959 4030 capiti:
977 3951 1058 4015 δοκεῖ
1072 3952 1103 4016 δὲ
1117 3943 1285 4036 ὑπερόπτης
1297 3979 1341 4031 τις

211 4049 378 4135 (insolens)
409 4051 575 4138 γεγονέναι·
597 4048 731 4118 τοσαῦτα
763 4047 834 4137 yoiv
862 4053 964 4135 βιβλία
998 4055 1118 4138 γράψας
1150 4047 1248 4121 citat
1280 4051 1340 4122 τῶν

209 4156 355 4241 βασιλέων
376 4151 596 4241 προσεφώνησε.

295 4259 512 4324 Romanorum
533 4257 671 4343 primus,
694 4257 833 4322 sirecte
855 4257 1006 4323 docemur
1028 4257 1180 4342 exemplis
1201 4281 1224 4325 a
1246 4259 1338 4327 nobis

211 4360 364 4442 collectis,
378 4359 543 4425 Vitruvius
553 4358 656 4425 Pollio
669 4359 857 4447 imperatori
866 4361 1013 4446 Augusto
1025 4359 1128 4428 libros
1142 4361 1224 4428 dono
1238 4361 1337 4429 dedit.

211 4462 244 4529 G.
266 4462 375 4547 Valgii
395 4461 470 4528 Rufi
498 4466 533 4528 et
561 4460 665 4529 Ovidii
690 4462 843 4545 Nasonis,
874 4465 930 4550 qui
959 4463 1070 4532 eadem
1098 4463 1188 4533 fuere
1217 4471 1337 4550 aetate,
