<?xml version="1.0" encoding="UTF-8"?>
<!DOCTYPE html PUBLIC "-//W3C//DTD XHTML 1.0 Transitional//EN"
    "http://www.w3.org/TR/xhtml1/DTD/xhtml1-transitional.dtd">
<html xmlns="http://www.w3.org/1999/xhtml" xml:lang="en" lang="en">
 <head>
  <title>
</title>
<meta http-equiv="Content-Type" content="text/html;charset=utf-8" />
  <meta name='ocr-system' content='tesseract 3.04.00' />
  <meta name='ocr-capabilities' content='ocr_page ocr_carea ocr_par ocr_line ocrx_word'/>
</head>
<body>
  <div class='ocr_page' id='page_1' title='image "./demorelibrosded00graegoog_0010.png"; bbox 0 0 3392 5150; ppageno 0'>
   <div class='ocr_carea' id='block_1_1' title="bbox 858 419 876 486">
    <p class='ocr_par' dir='ltr' id='par_1_1' title="bbox 858 419 876 486">
     <span class='ocr_line' id='line_1_1' title="bbox 858 419 876 486; baseline 0 0"><span class='ocrx_word' id='word_1_1' title='bbox 858 419 876 486; x_wconf 81' lang='lat'>2</span> 
     </span>
    </p>
   </div>
   <div class='ocr_carea' id='block_1_2' title="bbox 791 513 943 525">
    <p class='ocr_par' dir='ltr' id='par_1_2' title="bbox 791 513 943 525">
     <span class='ocr_line' id='line_1_2' title="bbox 791 513 943 525; baseline -0.007 -3"><span class='ocrx_word' id='word_1_2' title='bbox 791 513 943 525; x_wconf 49' lang='lat'>*-</span> 
     </span>
    </p>
   </div>
   <div class='ocr_carea' id='block_1_3' title="bbox 224 608 1452 2257">
    <p class='ocr_par' dir='ltr' id='par_1_3' title="bbox 224 608 1452 1844">
     <span class='ocr_line' id='line_1_3' title="bbox 304 608 1432 700; baseline -0.001 -21"><span class='ocrx_word' id='word_1_3' title='bbox 304 611 450 700; x_wconf 86' lang='lat' dir='ltr'>singulas</span> <span class='ocrx_word' id='word_1_4' title='bbox 478 619 545 694; x_wconf 81' lang='lat' dir='ltr'>res,</span> <span class='ocrx_word' id='word_1_5' title='bbox 574 631 657 698; x_wconf 91' lang='lat' dir='ltr'>quas</span> <span class='ocrx_word' id='word_1_6' title='bbox 683 610 795 698; x_wconf 85' lang='lat' dir='ltr'>paucis</span> <span class='ocrx_word' id='word_1_7' title='bbox 816 611 932 692; x_wconf 88' lang='lat' dir='ltr'>verbis</span> <span class='ocrx_word' id='word_1_8' title='bbox 963 611 1087 696; x_wconf 86' lang='lat' dir='ltr'>attigit,</span> <span class='ocrx_word' id='word_1_9' title='bbox 1117 608 1222 679; x_wconf 88' lang='lat' dir='ltr'>fusius</span> <span class='ocrx_word' id='word_1_10' title='bbox 1250 610 1307 678; x_wconf 91' lang='lat' dir='ltr'>illo</span> <span class='ocrx_word' id='word_1_11' title='bbox 1337 611 1432 698; x_wconf 88' lang='lat' dir='ltr'>quasi</span> 
     </span>
     <span class='ocr_line' id='line_1_4' title="bbox 303 714 1431 801; baseline -0.002 -18"><span class='ocrx_word' id='word_1_12' title='bbox 303 719 374 784; x_wconf 88' lang='lat' dir='ltr'>viae</span> <span class='ocrx_word' id='word_1_13' title='bbox 402 716 484 782; x_wconf 90' lang='lat' dir='ltr'>duce</span> <span class='ocrx_word' id='word_1_14' title='bbox 510 719 698 797; x_wconf 88' lang='lat' dir='ltr'>tractarem,</span> <span class='ocrx_word' id='word_1_15' title='bbox 726 714 916 800; x_wconf 89' lang='lat' dir='ltr'>impellerer.</span> <span class='ocrx_word' id='word_1_16' title='bbox 968 715 1165 801; x_wconf 80' lang='lat' dir='ltr'>Praeceptor</span> <span class='ocrx_word' id='word_1_17' title='bbox 1193 716 1330 799; x_wconf 90' lang='lat' dir='ltr'>denique</span> <span class='ocrx_word' id='word_1_18' title='bbox 1358 716 1431 783; x_wconf 90' lang='lat' dir='ltr'>illu-</span> 
     </span>
     <span class='ocr_line' id='line_1_5' title="bbox 303 818 1432 905; baseline -0.001 -18"><span class='ocrx_word' id='word_1_19' title='bbox 303 820 477 888; x_wconf 89' lang='lat' dir='ltr'>strissimus</span> <span class='ocrx_word' id='word_1_20' title='bbox 508 818 694 886; x_wconf 88' lang='lat' dir='ltr'>Theodorus</span> <span class='ocrx_word' id='word_1_21' title='bbox 722 819 795 884; x_wconf 89' lang='lat' dir='ltr'>Birt</span> <span class='ocrx_word' id='word_1_22' title='bbox 830 819 950 903; x_wconf 80' lang='lat' dir='ltr'>duplici</span> <span class='ocrx_word' id='word_1_23' title='bbox 985 818 1081 896; x_wconf 87' lang='lat' dir='ltr'>modo</span> <span class='ocrx_word' id='word_1_24' title='bbox 1116 840 1169 886; x_wconf 92' lang='lat' dir='ltr'>me</span> <span class='ocrx_word' id='word_1_25' title='bbox 1201 819 1341 902; x_wconf 88' lang='lat' dir='ltr'>adiuvit,</span> <span class='ocrx_word' id='word_1_26' title='bbox 1377 821 1432 905; x_wconf 91' lang='lat' dir='ltr'>qui</span> 
     </span>
     <span class='ocr_line' id='line_1_6' title="bbox 303 921 1431 1008; baseline 0 -19"><span class='ocrx_word' id='word_1_27' title='bbox 303 945 376 989; x_wconf 91' lang='lat' dir='ltr'>cum</span> <span class='ocrx_word' id='word_1_28' title='bbox 396 924 432 988; x_wconf 91' lang='lat' dir='ltr'>in</span> <span class='ocrx_word' id='word_1_29' title='bbox 453 921 550 1004; x_wconf 89' lang='lat' dir='ltr'>libro,</span> <span class='ocrx_word' id='word_1_30' title='bbox 580 922 632 989; x_wconf 91' lang='lat' dir='ltr'>eui</span> <span class='ocrx_word' id='word_1_31' title='bbox 660 921 789 988; x_wconf 89' lang='lat' dir='ltr'>titulum</span> <span class='ocrx_word' id='word_1_32' title='bbox 817 921 984 1008; x_wconf 79' lang='lat' dir='ltr'>inscripsit</span> <span class='ocrx_word' id='word_1_33' title='bbox 1014 923 1112 1004; x_wconf 88' lang='lat' dir='ltr'>,Das</span> <span class='ocrx_word' id='word_1_34' title='bbox 1139 923 1281 989; x_wconf 88' lang='lat' dir='ltr'>antike</span> <span class='ocrx_word' id='word_1_35' title='bbox 1301 923 1431 989; x_wconf 88' lang='lat' dir='ltr'>Buch-</span> 
     </span>
     <span class='ocr_line' id='line_1_7' title="bbox 302 1025 1433 1109; baseline -0.001 -15"><span class='ocrx_word' id='word_1_36' title='bbox 302 1033 463 1109; x_wconf 81' lang='lat' dir='ltr'>wesen“,</span> <span class='ocrx_word' id='word_1_37' title='bbox 493 1026 581 1092; x_wconf 90' lang='lat' dir='ltr'>haud</span> <span class='ocrx_word' id='word_1_38' title='bbox 611 1048 688 1094; x_wconf 90' lang='lat' dir='ltr'>raro</span> <span class='ocrx_word' id='word_1_39' title='bbox 709 1026 808 1092; x_wconf 90' lang='lat' dir='ltr'>verba</span> <span class='ocrx_word' id='word_1_40' title='bbox 838 1026 918 1093; x_wconf 86' lang='lat' dir='ltr'>iacit</span> <span class='ocrx_word' id='word_1_41' title='bbox 948 1025 988 1092; x_wconf 94' lang='lat' dir='ltr'>de</span> <span class='ocrx_word' id='word_1_42' title='bbox 1016 1026 1111 1092; x_wconf 89' lang='lat' dir='ltr'>libris</span> <span class='ocrx_word' id='word_1_43' title='bbox 1134 1026 1294 1092; x_wconf 92' lang='lat' dir='ltr'>dedicatis</span> <span class='ocrx_word' id='word_1_44' title='bbox 1316 1029 1373 1108; x_wconf 88' lang='lat' dir='ltr'>ita,</span> <span class='ocrx_word' id='word_1_45' title='bbox 1395 1033 1433 1093; x_wconf 91' lang='lat' dir='ltr'>ut</span> 
     </span>
     <span class='ocr_line' id='line_1_8' title="bbox 300 1129 1452 1225; baseline 0 -29"><span class='ocrx_word' id='word_1_46' title='bbox 300 1130 489 1216; x_wconf 87' lang='lat' dir='ltr'>plerumque</span> <span class='ocrx_word' id='word_1_47' title='bbox 511 1131 551 1196; x_wconf 90' lang='lat' dir='ltr'>de</span> <span class='ocrx_word' id='word_1_48' title='bbox 572 1132 643 1214; x_wconf 86' lang='lat' dir='ltr'>ipsa</span> <span class='ocrx_word' id='word_1_49' title='bbox 664 1129 869 1206; x_wconf 79' lang='lat' dir='ltr'>dedicatione</span> <span class='ocrx_word' id='word_1_50' title='bbox 889 1149 997 1213; x_wconf 89' lang='lat' dir='ltr'>pauca</span> <span class='ocrx_word' id='word_1_51' title='bbox 1017 1129 1120 1196; x_wconf 90' lang='lat' dir='ltr'>addat</span> <span class='ocrx_word' id='word_1_52' title='bbox 1143 1129 1195 1213; x_wconf 88' lang='lat' dir='ltr'>(of.</span> <span class='ocrx_word' id='word_1_53' title='bbox 1212 1152 1243 1215; x_wconf 89' lang='lat' dir='ltr'>p.</span> <span class='ocrx_word' id='word_1_54' title='bbox 1266 1137 1335 1212; x_wconf 85' lang='lat'>118,</span> <span class='ocrx_word' id='word_1_55' title='bbox 1359 1137 1432 1212; x_wconf 84' lang='lat'>349,</span> <span class='ocrx_word' id='word_1_56' title='bbox 1449 1213 1452 1225; x_wconf 30' lang='grc' dir='ltr'>Ι</span> 
     </span>
     <span class='ocr_line' id='line_1_9' title="bbox 304 1233 1434 1321; baseline 0.001 -20"><span class='ocrx_word' id='word_1_57' title='bbox 304 1240 376 1317; x_wconf 83' lang='grc'>367,</span> <span class='ocrx_word' id='word_1_58' title='bbox 394 1239 465 1313; x_wconf 87' lang='grc'>410,</span> <span class='ocrx_word' id='word_1_59' title='bbox 485 1237 572 1321; x_wconf 85' lang='grc'>428),</span> <span class='ocrx_word' id='word_1_60' title='bbox 595 1242 664 1300; x_wconf 90' lang='lat' dir='ltr'>tum</span> <span class='ocrx_word' id='word_1_61' title='bbox 686 1234 758 1318; x_wconf 91' lang='lat' dir='ltr'>ipse</span> <span class='ocrx_word' id='word_1_62' title='bbox 775 1233 1074 1301; x_wconf 76' lang='lat' dir='ltr'>benevolentissime</span> <span class='ocrx_word' id='word_1_63' title='bbox 1092 1235 1178 1301; x_wconf 71' lang='lat' dir='ltr'>mam</span> <span class='ocrx_word' id='word_1_64' title='bbox 1194 1235 1271 1300; x_wconf 91' lang='lat' dir='ltr'>mihi</span> <span class='ocrx_word' id='word_1_65' title='bbox 1289 1236 1434 1302; x_wconf 83' lang='lat' dir='ltr'>ostendit</span> 
     </span>
     <span class='ocr_line' id='line_1_10' title="bbox 301 1337 1433 1423; baseline 0 -19"><span class='ocrx_word' id='word_1_66' title='bbox 301 1338 483 1421; x_wconf 87' lang='lat' dir='ltr'>inquirendi</span> <span class='ocrx_word' id='word_1_67' title='bbox 511 1339 546 1404; x_wconf 91' lang='lat' dir='ltr'>in</span> <span class='ocrx_word' id='word_1_68' title='bbox 579 1337 664 1403; x_wconf 88' lang='lat' dir='ltr'>hanc</span> <span class='ocrx_word' id='word_1_69' title='bbox 699 1339 922 1423; x_wconf 88' lang='lat' dir='ltr'>quaestionem</span> <span class='ocrx_word' id='word_1_70' title='bbox 950 1359 1055 1423; x_wconf 90' lang='lat' dir='ltr'>neque</span> <span class='ocrx_word' id='word_1_71' title='bbox 1083 1358 1236 1423; x_wconf 89' lang='lat' dir='ltr'>umquam</span> <span class='ocrx_word' id='word_1_72' title='bbox 1265 1339 1433 1406; x_wconf 87' lang='lat' dir='ltr'>consilium</span> 
     </span>
     <span class='ocr_line' id='line_1_11' title="bbox 303 1440 1432 1528; baseline 0.001 -20"><span class='ocrx_word' id='word_1_73' title='bbox 303 1443 473 1527; x_wconf 81' lang='lat' dir='ltr'>denegavit</span> <span class='ocrx_word' id='word_1_74' title='bbox 496 1441 671 1508; x_wconf 83' lang='lat' dir='ltr'>laboranti.</span> <span class='ocrx_word' id='word_1_75' title='bbox 713 1440 811 1508; x_wconf 84' lang='lat' dir='ltr'>Cuius</span> <span class='ocrx_word' id='word_1_76' title='bbox 837 1442 908 1525; x_wconf 91' lang='lat' dir='ltr'>opis</span> <span class='ocrx_word' id='word_1_77' title='bbox 933 1442 1074 1528; x_wconf 83' lang='lat' dir='ltr'>gratiam</span> <span class='ocrx_word' id='word_1_78' title='bbox 1097 1442 1217 1508; x_wconf 87' lang='lat' dir='ltr'>referre</span> <span class='ocrx_word' id='word_1_79' title='bbox 1234 1443 1337 1523; x_wconf 90' lang='lat' dir='ltr'>velim,</span> <span class='ocrx_word' id='word_1_80' title='bbox 1362 1464 1432 1509; x_wconf 88' lang='lat' dir='ltr'>oum</span> 
     </span>
     <span class='ocr_line' id='line_1_12' title="bbox 302 1545 1433 1635; baseline -0.001 -21"><span class='ocrx_word' id='word_1_81' title='bbox 302 1567 428 1635; x_wconf 84' lang='lat' dir='ltr'>sperem</span> <span class='ocrx_word' id='word_1_82' title='bbox 453 1545 522 1612; x_wconf 85' lang='lat' dir='ltr'>fore</span> <span class='ocrx_word' id='word_1_83' title='bbox 544 1550 582 1611; x_wconf 89' lang='lat' dir='ltr'>ut</span> <span class='ocrx_word' id='word_1_84' title='bbox 604 1547 792 1630; x_wconf 89' lang='lat' dir='ltr'>opusculum</span> <span class='ocrx_word' id='word_1_85' title='bbox 818 1567 925 1612; x_wconf 91' lang='lat' dir='ltr'>meum</span> <span class='ocrx_word' id='word_1_86' title='bbox 953 1546 984 1611; x_wconf 89' lang='lat' dir='ltr'>ei</span> <span class='ocrx_word' id='word_1_87' title='bbox 1005 1546 1153 1612; x_wconf 89' lang='lat' dir='ltr'>videatur</span> <span class='ocrx_word' id='word_1_88' title='bbox 1176 1547 1433 1634; x_wconf 90' lang='lat' dir='ltr'>supplementum</span> 
     </span>
     <span class='ocr_line' id='line_1_13' title="bbox 302 1647 1432 1735; baseline 0 -17"><span class='ocrx_word' id='word_1_89' title='bbox 302 1672 372 1718; x_wconf 88' lang='lat' dir='ltr'>esse</span> <span class='ocrx_word' id='word_1_90' title='bbox 394 1648 482 1715; x_wconf 92' lang='lat' dir='ltr'>haud</span> <span class='ocrx_word' id='word_1_91' title='bbox 503 1647 602 1735; x_wconf 91' lang='lat' dir='ltr'>plane</span> <span class='ocrx_word' id='word_1_92' title='bbox 623 1649 784 1716; x_wconf 88' lang='lat' dir='ltr'>abiectum</span> <span class='ocrx_word' id='word_1_93' title='bbox 804 1651 910 1735; x_wconf 90' lang='lat' dir='ltr'>operis</span> <span class='ocrx_word' id='word_1_94' title='bbox 929 1650 980 1716; x_wconf 89' lang='lat' dir='ltr'>sui</span> <span class='ocrx_word' id='word_1_95' title='bbox 999 1671 1125 1717; x_wconf 89' lang='lat' dir='ltr'>summa</span> <span class='ocrx_word' id='word_1_96' title='bbox 1143 1650 1292 1716; x_wconf 87' lang='lat' dir='ltr'>doctrina</span> <span class='ocrx_word' id='word_1_97' title='bbox 1308 1650 1432 1718; x_wconf 86' lang='lat' dir='ltr'>referti.</span> 
     </span>
     <span class='ocr_line' id='line_1_14' title="bbox 224 1752 1433 1844; baseline -0.001 -24"><span class='ocrx_word' id='word_1_98' title='bbox 224 1831 231 1844; x_wconf 43' lang='lat'>,</span> <span class='ocrx_word' id='word_1_99' title='bbox 387 1754 457 1837; x_wconf 85' lang='lat' dir='ltr'>Ego</span> <span class='ocrx_word' id='word_1_100' title='bbox 477 1752 623 1835; x_wconf 89' lang='lat' dir='ltr'>equidem</span> <span class='ocrx_word' id='word_1_101' title='bbox 642 1754 780 1836; x_wconf 89' lang='lat' dir='ltr'>primum</span> <span class='ocrx_word' id='word_1_102' title='bbox 797 1775 904 1820; x_wconf 93' lang='lat' dir='ltr'>meum</span> <span class='ocrx_word' id='word_1_103' title='bbox 920 1754 1035 1838; x_wconf 89' lang='lat' dir='ltr'>putavi</span> <span class='ocrx_word' id='word_1_104' title='bbox 1054 1774 1151 1838; x_wconf 89' lang='lat' dir='ltr'>quam</span> <span class='ocrx_word' id='word_1_105' title='bbox 1168 1754 1311 1841; x_wconf 90' lang='lat' dir='ltr'>plurima</span> <span class='ocrx_word' id='word_1_106' title='bbox 1327 1775 1433 1820; x_wconf 85' lang='lat' dir='ltr'>exem·</span> 
     </span>
    </p>

    <p class='ocr_par' dir='ltr' id='par_1_4' title="bbox 300 1855 1441 2257">
     <span class='ocr_line' id='line_1_15' title="bbox 301 1855 1432 1943; baseline 0.001 -20"><span class='ocrx_word' id='word_1_107' title='bbox 301 1857 357 1943; x_wconf 89' lang='lat' dir='ltr'>pla</span> <span class='ocrx_word' id='word_1_108' title='bbox 385 1858 542 1923; x_wconf 89' lang='lat' dir='ltr'>librorum</span> <span class='ocrx_word' id='word_1_109' title='bbox 571 1855 793 1923; x_wconf 88' lang='lat' dir='ltr'>dedicatorum</span> <span class='ocrx_word' id='word_1_110' title='bbox 814 1896 858 1906; x_wconf 96' lang='lat'><em>-</em></span> <span class='ocrx_word' id='word_1_111' title='bbox 881 1857 1004 1924; x_wconf 87' lang='lat' dir='ltr'>scilicet</span> <span class='ocrx_word' id='word_1_112' title='bbox 1032 1858 1182 1923; x_wconf 89' lang='lat' dir='ltr'>attendas</span> <span class='ocrx_word' id='word_1_113' title='bbox 1208 1857 1249 1924; x_wconf 97' lang='lat' dir='ltr'>de</span> <span class='ocrx_word' id='word_1_114' title='bbox 1276 1857 1432 1924; x_wconf 91' lang='lat' dir='ltr'>librorum</span> 
     </span>
     <span class='ocr_line' id='line_1_16' title="bbox 300 1960 1432 2048; baseline 0 -20"><span class='ocrx_word' id='word_1_115' title='bbox 300 1962 469 2047; x_wconf 85' lang='lat' dir='ltr'>plenorum</span> <span class='ocrx_word' id='word_1_116' title='bbox 478 1981 541 2026; x_wconf 91' lang='lat' dir='ltr'>non</span> <span class='ocrx_word' id='word_1_117' title='bbox 551 1960 592 2026; x_wconf 92' lang='lat' dir='ltr'>de</span> <span class='ocrx_word' id='word_1_118' title='bbox 600 1966 783 2045; x_wconf 91' lang='lat' dir='ltr'>poematum</span> <span class='ocrx_word' id='word_1_119' title='bbox 792 1961 1177 2048; x_wconf 79' lang='lat' dir='ltr'>singulorum1)inunum</span> <span class='ocrx_word' id='word_1_120' title='bbox 1189 1961 1307 2028; x_wconf 90' lang='lat' dir='ltr'>librum</span> <span class='ocrx_word' id='word_1_121' title='bbox 1317 1961 1432 2028; x_wconf 91' lang='lat' dir='ltr'>collec-</span> 
     </span>
     <span class='ocr_line' id='line_1_17' title="bbox 302 2064 1433 2150; baseline 0.003 -20"><span class='ocrx_word' id='word_1_122' title='bbox 302 2069 417 2145; x_wconf 89' lang='lat' dir='ltr'>torum,</span> <span class='ocrx_word' id='word_1_123' title='bbox 441 2068 478 2129; x_wconf 90' lang='lat' dir='ltr'>ut</span> <span class='ocrx_word' id='word_1_124' title='bbox 500 2064 586 2148; x_wconf 90' lang='lat' dir='ltr'>apud</span> <span class='ocrx_word' id='word_1_125' title='bbox 609 2065 793 2146; x_wconf 85' lang='lat' dir='ltr'>Horatium,</span> <span class='ocrx_word' id='word_1_126' title='bbox 823 2065 1027 2132; x_wconf 81' lang='lat' dir='ltr'>dedicatione</span> <span class='ocrx_word' id='word_1_127' title='bbox 1049 2087 1119 2132; x_wconf 86' lang='lat' dir='ltr'>esse</span> <span class='ocrx_word' id='word_1_128' title='bbox 1147 2067 1370 2150; x_wconf 89' lang='lat' dir='ltr'>quaestionem</span> <span class='ocrx_word' id='word_1_129' title='bbox 1390 2106 1433 2116; x_wconf 90' lang='lat'><em>-</em></span> 
     </span>
     <span class='ocr_line' id='line_1_18' title="bbox 301 2167 1441 2257; baseline 0.002 -23"><span class='ocrx_word' id='word_1_130' title='bbox 301 2167 451 2254; x_wconf 89' lang='lat' dir='ltr'>colligere</span> <span class='ocrx_word' id='word_1_131' title='bbox 466 2173 564 2252; x_wconf 91' lang='lat' dir='ltr'>atque</span> <span class='ocrx_word' id='word_1_132' title='bbox 577 2189 617 2235; x_wconf 92' lang='lat' dir='ltr'>ea</span> <span class='ocrx_word' id='word_1_133' title='bbox 630 2169 671 2236; x_wconf 91' lang='lat' dir='ltr'>ab</span> <span class='ocrx_word' id='word_1_134' title='bbox 685 2170 928 2253; x_wconf 81' lang='lat' dir='ltr'>antiquissimis,</span> <span class='ocrx_word' id='word_1_135' title='bbox 943 2175 1101 2255; x_wconf 89' lang='lat' dir='ltr'>quantum</span> <span class='ocrx_word' id='word_1_136' title='bbox 1114 2171 1215 2256; x_wconf 91' lang='lat' dir='ltr'>potui,</span> <span class='ocrx_word' id='word_1_137' title='bbox 1233 2169 1441 2257; x_wconf 84' lang='lat' dir='ltr'>temporibus</span> 
     </span>
    </p>
   </div>
   <div class='ocr_carea' id='block_1_4' title="bbox 299 2357 1438 4332">
    <p class='ocr_par' dir='ltr' id='par_1_5' title="bbox 299 2357 1438 4332">
     <span class='ocr_line' id='line_1_19' title="bbox 390 2357 1434 2429; baseline 0.004 -19"><span class='ocrx_word' id='word_1_138' title='bbox 390 2357 407 2427; x_wconf 79' lang='lat'>¹)</span> <span class='ocrx_word' id='word_1_139' title='bbox 427 2357 599 2426; x_wconf 78' lang='lat' dir='ltr'>Quamquam</span> <span class='ocrx_word' id='word_1_140' title='bbox 616 2357 658 2412; x_wconf 89' lang='lat' dir='ltr'>vis</span> <span class='ocrx_word' id='word_1_141' title='bbox 681 2358 779 2412; x_wconf 89' lang='lat' dir='ltr'>eadem&#39;</span> <span class='ocrx_word' id='word_1_142' title='bbox 797 2363 840 2412; x_wconf 88' lang='lat' dir='ltr'>est</span> <span class='ocrx_word' id='word_1_143' title='bbox 856 2359 922 2412; x_wconf 87' lang='lat' dir='ltr'>libri</span> <span class='ocrx_word' id='word_1_144' title='bbox 940 2362 1023 2427; x_wconf 91' lang='lat' dir='ltr'>atque</span> <span class='ocrx_word' id='word_1_145' title='bbox 1041 2359 1169 2413; x_wconf 88' lang='lat' dir='ltr'>carminis</span> <span class='ocrx_word' id='word_1_146' title='bbox 1188 2359 1316 2429; x_wconf 84' lang='lat' dir='ltr'>dedicati,</span> <span class='ocrx_word' id='word_1_147' title='bbox 1339 2363 1434 2414; x_wconf 73' lang='grc'>111111</span> 
     </span>
     <span class='ocr_line' id='line_1_20' title="bbox 302 2442 1436 2513; baseline 0.004 -17"><span class='ocrx_word' id='word_1_148' title='bbox 302 2442 507 2498; x_wconf 80' lang='lat' dir='ltr'>aceruatissime</span> <span class='ocrx_word' id='word_1_149' title='bbox 540 2443 767 2513; x_wconf 89' lang='lat' dir='ltr'>distinguendum</span> <span class='ocrx_word' id='word_1_150' title='bbox 792 2449 835 2498; x_wconf 89' lang='lat' dir='ltr'>est</span> <span class='ocrx_word' id='word_1_151' title='bbox 864 2445 938 2498; x_wconf 89' lang='lat' dir='ltr'>inter</span> <span class='ocrx_word' id='word_1_152' title='bbox 962 2445 1065 2498; x_wconf 89' lang='lat' dir='ltr'>librum</span> <span class='ocrx_word' id='word_1_153' title='bbox 1087 2445 1201 2513; x_wconf 89' lang='lat' dir='ltr'>plenum</span> <span class='ocrx_word' id='word_1_154' title='bbox 1226 2446 1383 2500; x_wconf 87' lang='lat' dir='ltr'>dedicatum</span> <span class='ocrx_word' id='word_1_155' title='bbox 1407 2448 1436 2500; x_wconf 91' lang='lat' dir='ltr'>et</span> 
     </span>
     <span class='ocr_line' id='line_1_21' title="bbox 302 2529 1435 2600; baseline 0.002 -18"><span class='ocrx_word' id='word_1_156' title='bbox 302 2529 424 2583; x_wconf 90' lang='lat' dir='ltr'>carmina</span> <span class='ocrx_word' id='word_1_157' title='bbox 441 2529 561 2598; x_wconf 88' lang='lat' dir='ltr'>singula,</span> <span class='ocrx_word' id='word_1_158' title='bbox 586 2530 685 2598; x_wconf 89' lang='lat' dir='ltr'>quibus</span> <span class='ocrx_word' id='word_1_159' title='bbox 702 2530 774 2585; x_wconf 90' lang='lat' dir='ltr'>liber</span> <span class='ocrx_word' id='word_1_160' title='bbox 792 2531 978 2600; x_wconf 88' lang='lat' dir='ltr'>componitur,</span> <span class='ocrx_word' id='word_1_161' title='bbox 1004 2547 1074 2599; x_wconf 89' lang='lat' dir='ltr'>quae</span> <span class='ocrx_word' id='word_1_162' title='bbox 1092 2531 1216 2599; x_wconf 87' lang='lat' dir='ltr'>quamvis</span> <span class='ocrx_word' id='word_1_163' title='bbox 1233 2532 1309 2586; x_wconf 88' lang='lat' dir='ltr'>haud</span> <span class='ocrx_word' id='word_1_164' title='bbox 1324 2549 1388 2586; x_wconf 87' lang='lat' dir='ltr'>raro</span> <span class='ocrx_word' id='word_1_165' title='bbox 1406 2535 1435 2584; x_wconf 90' lang='lat' dir='ltr'>et</span> 
     </span>
     <span class='ocr_line' id='line_1_22' title="bbox 301 2616 1434 2687; baseline 0.002 -19"><span class='ocrx_word' id='word_1_166' title='bbox 301 2616 363 2685; x_wconf 84' lang='lat' dir='ltr'>ipsa</span> <span class='ocrx_word' id='word_1_167' title='bbox 379 2616 410 2668; x_wconf 90' lang='lat' dir='ltr'>in</span> <span class='ocrx_word' id='word_1_168' title='bbox 427 2616 561 2670; x_wconf 90' lang='lat' dir='ltr'>honorem</span> <span class='ocrx_word' id='word_1_169' title='bbox 578 2617 723 2672; x_wconf 89' lang='lat' dir='ltr'>hominum</span> <span class='ocrx_word' id='word_1_170' title='bbox 741 2619 844 2687; x_wconf 88' lang='lat' dir='ltr'>scripta</span> <span class='ocrx_word' id='word_1_171' title='bbox 861 2622 955 2671; x_wconf 85' lang='lat' dir='ltr'>tamen</span> <span class='ocrx_word' id='word_1_172' title='bbox 973 2617 1009 2671; x_wconf 91' lang='lat' dir='ltr'>ad</span> <span class='ocrx_word' id='word_1_173' title='bbox 1027 2616 1094 2670; x_wconf 88' lang='lat' dir='ltr'>alios</span> <span class='ocrx_word' id='word_1_174' title='bbox 1111 2617 1186 2670; x_wconf 89' lang='lat' dir='ltr'>mitti</span> <span class='ocrx_word' id='word_1_175' title='bbox 1203 2620 1334 2686; x_wconf 88' lang='lat' dir='ltr'>poterant</span> <span class='ocrx_word' id='word_1_176' title='bbox 1351 2620 1434 2686; x_wconf 90' lang='lat' dir='ltr'>atque</span> 
     </span>
     <span class='ocr_line' id='line_1_23' title="bbox 302 2701 1436 2772; baseline 0.001 -18"><span class='ocrx_word' id='word_1_177' title='bbox 302 2702 373 2755; x_wconf 89' lang='lat' dir='ltr'>liber</span> <span class='ocrx_word' id='word_1_178' title='bbox 390 2701 451 2771; x_wconf 90' lang='lat' dir='ltr'>ipse</span> <span class='ocrx_word' id='word_1_179' title='bbox 468 2719 558 2770; x_wconf 89' lang='lat' dir='ltr'>neque</span> <span class='ocrx_word' id='word_1_180' title='bbox 575 2719 642 2758; x_wconf 87' lang='lat' dir='ltr'>vero</span> <span class='ocrx_word' id='word_1_181' title='bbox 661 2703 754 2758; x_wconf 90' lang='lat' dir='ltr'>omnia</span> <span class='ocrx_word' id='word_1_182' title='bbox 771 2706 858 2757; x_wconf 81' lang='lat' dir='ltr'>unum</span> <span class='ocrx_word' id='word_1_183' title='bbox 875 2707 959 2772; x_wconf 87' lang='lat' dir='ltr'>atque</span> <span class='ocrx_word' id='word_1_184' title='bbox 978 2703 1096 2756; x_wconf 86' lang='lat' dir='ltr'>eundem</span> <span class='ocrx_word' id='word_1_185' title='bbox 1109 2702 1249 2757; x_wconf 89' lang='lat' dir='ltr'>hominem</span> <span class='ocrx_word' id='word_1_186' title='bbox 1262 2702 1436 2772; x_wconf 87' lang='lat' dir='ltr'>appellarent</span> 
     </span>
     <span class='ocr_line' id='line_1_24' title="bbox 301 2787 1434 2860; baseline 0 -18"><span class='ocrx_word' id='word_1_187' title='bbox 301 2805 414 2843; x_wconf 89' lang='lat' dir='ltr'>necesse</span> <span class='ocrx_word' id='word_1_188' title='bbox 433 2792 500 2846; x_wconf 84' lang='lat' dir='ltr'>erat.</span> <span class='ocrx_word' id='word_1_189' title='bbox 532 2789 614 2845; x_wconf 73' lang='lat' dir='ltr'>(iuius</span> <span class='ocrx_word' id='word_1_190' title='bbox 628 2791 669 2845; x_wconf 92' lang='lat' dir='ltr'>rei</span> <span class='ocrx_word' id='word_1_191' title='bbox 685 2790 903 2844; x_wconf 86' lang='lat' dir='ltr'>illustrissimum</span> <span class='ocrx_word' id='word_1_192' title='bbox 922 2789 1079 2860; x_wconf 90' lang='lat' dir='ltr'>exemplum</span> <span class='ocrx_word' id='word_1_193' title='bbox 1092 2789 1229 2860; x_wconf 87' lang='lat' dir='ltr'>praebent</span> <span class='ocrx_word' id='word_1_194' title='bbox 1242 2787 1324 2844; x_wconf 84' lang='lat' dir='ltr'>Statii</span> <span class='ocrx_word' id='word_1_195' title='bbox 1336 2789 1434 2858; x_wconf 84' lang='lat' dir='ltr'>Silvae,</span> 
     </span>
     <span class='ocr_line' id='line_1_25' title="bbox 302 2875 1435 2946; baseline -0.001 -17"><span class='ocrx_word' id='word_1_196' title='bbox 302 2875 379 2929; x_wconf 90' lang='lat' dir='ltr'>cuius</span> <span class='ocrx_word' id='word_1_197' title='bbox 405 2875 497 2945; x_wconf 89' lang='lat' dir='ltr'>operis</span> <span class='ocrx_word' id='word_1_198' title='bbox 519 2875 623 2946; x_wconf 82' lang='lat' dir='ltr'>singuli</span> <span class='ocrx_word' id='word_1_199' title='bbox 647 2875 712 2930; x_wconf 88' lang='lat' dir='ltr'>libri</span> <span class='ocrx_word' id='word_1_200' title='bbox 730 2881 796 2931; x_wconf 89' lang='lat' dir='ltr'>sunt</span> <span class='ocrx_word' id='word_1_201' title='bbox 813 2876 942 2946; x_wconf 89' lang='lat' dir='ltr'>dedicati,</span> <span class='ocrx_word' id='word_1_202' title='bbox 960 2893 1050 2945; x_wconf 89' lang='lat' dir='ltr'>neque</span> <span class='ocrx_word' id='word_1_203' title='bbox 1068 2876 1282 2944; x_wconf 87' lang='lat' dir='ltr'>uniuscuiusque</span> <span class='ocrx_word' id='word_1_204' title='bbox 1298 2875 1364 2929; x_wconf 87' lang='lat' dir='ltr'>libri</span> <span class='ocrx_word' id='word_1_205' title='bbox 1381 2875 1435 2930; x_wconf 91' lang='lat' dir='ltr'>sin·</span> 
     </span>
     <span class='ocr_line' id='line_1_26' title="bbox 301 2961 1435 3032; baseline -0.001 -17"><span class='ocrx_word' id='word_1_206' title='bbox 301 2961 367 3030; x_wconf 82' lang='lat' dir='ltr'>gula</span> <span class='ocrx_word' id='word_1_207' title='bbox 384 2961 506 3015; x_wconf 89' lang='lat' dir='ltr'>carmina</span> <span class='ocrx_word' id='word_1_208' title='bbox 522 2978 580 3016; x_wconf 92' lang='lat' dir='ltr'>non</span> <span class='ocrx_word' id='word_1_209' title='bbox 598 2962 799 3017; x_wconf 81' lang='lat' dir='ltr'>diversissImos</span> <span class='ocrx_word' id='word_1_210' title='bbox 817 2963 943 3017; x_wconf 89' lang='lat' dir='ltr'>homines</span> <span class='ocrx_word' id='word_1_211' title='bbox 961 2962 1110 3032; x_wconf 89' lang='lat' dir='ltr'>appellant.</span> <span class='ocrx_word' id='word_1_212' title='bbox 1142 2963 1279 3030; x_wconf 78' lang='lat' dir='ltr'>Quaeres</span> <span class='ocrx_word' id='word_1_213' title='bbox 1298 2979 1330 3016; x_wconf 91' lang='lat' dir='ltr'>eo</span> <span class='ocrx_word' id='word_1_214' title='bbox 1349 2961 1435 3031; x_wconf 88' lang='lat' dir='ltr'>expli·</span> 
     </span>
     <span class='ocr_line' id='line_1_27' title="bbox 302 3046 1435 3119; baseline 0.001 -20"><span class='ocrx_word' id='word_1_215' title='bbox 302 3047 358 3100; x_wconf 85' lang='lat' dir='ltr'>cari</span> <span class='ocrx_word' id='word_1_216' title='bbox 383 3046 482 3116; x_wconf 90' lang='lat' dir='ltr'>debet,</span> <span class='ocrx_word' id='word_1_217' title='bbox 506 3051 589 3116; x_wconf 89' lang='lat' dir='ltr'>atque</span> <span class='ocrx_word' id='word_1_218' title='bbox 606 3048 666 3117; x_wconf 89' lang='lat' dir='ltr'>ipse</span> <span class='ocrx_word' id='word_1_219' title='bbox 683 3051 767 3118; x_wconf 88' lang='lat' dir='ltr'>poeta</span> <span class='ocrx_word' id='word_1_220' title='bbox 783 3049 824 3102; x_wconf 89' lang='lat' dir='ltr'>ita</span> <span class='ocrx_word' id='word_1_221' title='bbox 851 3049 972 3118; x_wconf 86' lang='lat' dir='ltr'>explicat</span> <span class='ocrx_word' id='word_1_222' title='bbox 996 3049 1091 3119; x_wconf 84' lang='lat' dir='ltr'>(praei.</span> <span class='ocrx_word' id='word_1_223' title='bbox 1113 3049 1187 3104; x_wconf 89' lang='grc' dir='ltr'><strong>Ι...</strong></span> <span class='ocrx_word' id='word_1_224' title='bbox 1212 3065 1275 3103; x_wconf 90' lang='lat' dir='ltr'>cum</span> <span class='ocrx_word' id='word_1_225' title='bbox 1297 3046 1435 3118; x_wconf 83' lang='lat' dir='ltr'>singuli</span> 
     </span>
     <span class='ocr_line' id='line_1_28' title="bbox 302 3133 1435 3206; baseline 0.001 -20"><span class='ocrx_word' id='word_1_226' title='bbox 302 3133 337 3186; x_wconf 91' lang='lat' dir='ltr'>de</span> <span class='ocrx_word' id='word_1_227' title='bbox 359 3133 422 3186; x_wconf 90' lang='lat' dir='ltr'>sinu</span> <span class='ocrx_word' id='word_1_228' title='bbox 444 3151 506 3188; x_wconf 91' lang='lat' dir='ltr'>meo</span> <span class='ocrx_word' id='word_1_229' title='bbox 529 3135 710 3204; x_wconf 85' lang='lat' dir='ltr'>prodiissent,</span> <span class='ocrx_word' id='word_1_230' title='bbox 736 3139 981 3206; x_wconf 88' lang='lat' dir='ltr'>congregatos</span> <span class='ocrx_word' id='word_1_231' title='bbox 1004 3135 1064 3204; x_wconf 87' lang='lat' dir='ltr'>ipsc</span> <span class='ocrx_word' id='word_1_232' title='bbox 1091 3134 1261 3189; x_wconf 87' lang='lat' dir='ltr'>dimitterem</span> <span class='ocrx_word' id='word_1_233' title='bbox 1276 3174 1282 3188; x_wconf 93' lang='lat'>.</span> <span class='ocrx_word' id='word_1_234' title='bbox 1295 3177 1301 3189; x_wconf 94' lang='lat'><em>.</em></span> <span class='ocrx_word' id='word_1_235' title='bbox 1314 3135 1340 3205; x_wconf 79' lang='lat'>.),</span> <span class='ocrx_word' id='word_1_236' title='bbox 1359 3134 1435 3202; x_wconf 90' lang='lat' dir='ltr'>quod</span> 
     </span>
     <span class='ocr_line' id='line_1_29' title="bbox 300 3219 1437 3291; baseline -0.003 -17"><span class='ocrx_word' id='word_1_237' title='bbox 300 3223 384 3288; x_wconf 90' lang='lat' dir='ltr'>poeta</span> <span class='ocrx_word' id='word_1_238' title='bbox 413 3220 535 3290; x_wconf 86' lang='lat' dir='ltr'>singulas</span> <span class='ocrx_word' id='word_1_239' title='bbox 567 3221 675 3289; x_wconf 89' lang='lat' dir='ltr'>eclogas</span> <span class='ocrx_word' id='word_1_240' title='bbox 707 3220 822 3291; x_wconf 88' lang='lat' dir='ltr'>singulis</span> <span class='ocrx_word' id='word_1_241' title='bbox 854 3221 948 3276; x_wconf 90' lang='lat' dir='ltr'>amicis</span> <span class='ocrx_word' id='word_1_242' title='bbox 978 3221 1036 3276; x_wconf 87' lang='lat' dir='ltr'>sive</span> <span class='ocrx_word' id='word_1_243' title='bbox 1060 3221 1213 3276; x_wconf 82' lang='lat' dir='ltr'>fautoribus</span> <span class='ocrx_word' id='word_1_244' title='bbox 1238 3220 1353 3274; x_wconf 87' lang='lat' dir='ltr'>miserat</span> <span class='ocrx_word' id='word_1_245' title='bbox 1377 3219 1437 3272; x_wconf 90' lang='lat' dir='ltr'>sine</span> 
     </span>
     <span class='ocr_line' id='line_1_30' title="bbox 301 3304 1438 3376; baseline -0.001 -17"><span class='ocrx_word' id='word_1_246' title='bbox 301 3305 435 3375; x_wconf 88' lang='lat' dir='ltr'>editione,</span> <span class='ocrx_word' id='word_1_247' title='bbox 464 3305 565 3360; x_wconf 91' lang='lat' dir='ltr'>deinde</span> <span class='ocrx_word' id='word_1_248' title='bbox 590 3323 657 3361; x_wconf 90' lang='lat' dir='ltr'>vero</span> <span class='ocrx_word' id='word_1_249' title='bbox 682 3324 782 3376; x_wconf 89' lang='lat' dir='ltr'>parans</span> <span class='ocrx_word' id='word_1_250' title='bbox 808 3307 960 3362; x_wconf 90' lang='lat' dir='ltr'>editionem</span> <span class='ocrx_word' id='word_1_251' title='bbox 984 3324 1080 3361; x_wconf 90' lang='lat' dir='ltr'>omnes</span> <span class='ocrx_word' id='word_1_252' title='bbox 1105 3307 1136 3360; x_wconf 91' lang='lat' dir='ltr'>in</span> <span class='ocrx_word' id='word_1_253' title='bbox 1159 3307 1263 3361; x_wconf 81' lang='lat' dir='ltr'>librum</span> <span class='ocrx_word' id='word_1_254' title='bbox 1287 3304 1438 3374; x_wconf 81' lang='lat' dir='ltr'>colligebat</span> 
     </span>
     <span class='ocr_line' id='line_1_31' title="bbox 300 3390 1434 3463; baseline 0 -18"><span class='ocrx_word' id='word_1_255' title='bbox 300 3390 402 3445; x_wconf 88' lang='lat' dir='ltr'>librum</span> <span class='ocrx_word' id='word_1_256' title='bbox 421 3391 540 3460; x_wconf 90' lang='lat' dir='ltr'>denique</span> <span class='ocrx_word' id='word_1_257' title='bbox 557 3392 671 3462; x_wconf 91' lang='lat' dir='ltr'>plenum</span> <span class='ocrx_word' id='word_1_258' title='bbox 696 3393 722 3446; x_wconf 91' lang='lat' dir='ltr'>ei</span> <span class='ocrx_word' id='word_1_259' title='bbox 744 3393 888 3462; x_wconf 90' lang='lat' dir='ltr'>mittebat,</span> <span class='ocrx_word' id='word_1_260' title='bbox 914 3393 962 3462; x_wconf 89' lang='lat' dir='ltr'>qui</span> <span class='ocrx_word' id='word_1_261' title='bbox 985 3397 1052 3447; x_wconf 87' lang='lat' dir='ltr'>tuuc</span> <span class='ocrx_word' id='word_1_262' title='bbox 1075 3393 1211 3463; x_wconf 83' lang='lat' dir='ltr'>ipsumsi</span> <span class='ocrx_word' id='word_1_263' title='bbox 1236 3395 1296 3446; x_wconf 88' lang='lat' dir='ltr'>erat</span> <span class='ocrx_word' id='word_1_264' title='bbox 1318 3391 1434 3445; x_wconf 86' lang='lat' dir='ltr'>familia·</span> 
     </span>
     <span class='ocr_line' id='line_1_32' title="bbox 300 3478 1435 3548; baseline 0.001 -17"><span class='ocrx_word' id='word_1_265' title='bbox 300 3479 431 3532; x_wconf 76' lang='lat' dir='ltr'>sissimus.</span> <span class='ocrx_word' id='word_1_266' title='bbox 466 3479 628 3533; x_wconf 83' lang='lat' dir='ltr'>Accuratius</span> <span class='ocrx_word' id='word_1_267' title='bbox 647 3478 682 3533; x_wconf 91' lang='lat' dir='ltr'>de</span> <span class='ocrx_word' id='word_1_268' title='bbox 699 3479 747 3548; x_wconf 90' lang='lat' dir='ltr'>iis,</span> <span class='ocrx_word' id='word_1_269' title='bbox 766 3480 814 3548; x_wconf 90' lang='lat' dir='ltr'>qui</span> <span class='ocrx_word' id='word_1_270' title='bbox 827 3478 914 3534; x_wconf 89' lang='lat' dir='ltr'>libros</span> <span class='ocrx_word' id='word_1_271' title='bbox 932 3483 1016 3548; x_wconf 88' lang='lat' dir='ltr'>atque</span> <span class='ocrx_word' id='word_1_272' title='bbox 1033 3478 1168 3534; x_wconf 89' lang='lat' dir='ltr'>librorum</span> <span class='ocrx_word' id='word_1_273' title='bbox 1186 3478 1295 3548; x_wconf 90' lang='lat' dir='ltr'>singula</span> <span class='ocrx_word' id='word_1_274' title='bbox 1312 3478 1435 3533; x_wconf 90' lang='lat' dir='ltr'>carmina</span> 
     </span>
     <span class='ocr_line' id='line_1_33' title="bbox 300 3563 1437 3642; baseline 0 -24"><span class='ocrx_word' id='word_1_275' title='bbox 300 3581 316 3618; x_wconf 89' lang='lat' dir='ltr'>a</span> <span class='ocrx_word' id='word_1_276' title='bbox 334 3563 421 3619; x_wconf 84' lang='lat' dir='ltr'>Statio</span> <span class='ocrx_word' id='word_1_277' title='bbox 440 3568 613 3635; x_wconf 88' lang='lat' dir='ltr'>acceperunt,</span> <span class='ocrx_word' id='word_1_278' title='bbox 632 3565 689 3634; x_wconf 87' lang='lat' dir='ltr'>egit</span> <span class='ocrx_word' id='word_1_279' title='bbox 706 3565 879 3635; x_wconf 87' lang='lat' dir='ltr'>Ruedigerus</span> <span class='ocrx_word' id='word_1_280' title='bbox 903 3566 934 3618; x_wconf 89' lang='lat' dir='ltr'>in</span> <span class='ocrx_word' id='word_1_281' title='bbox 952 3567 1016 3621; x_wconf 89' lang='lat' dir='ltr'>diss.</span> <span class='ocrx_word' id='word_1_282' title='bbox 1035 3565 1123 3620; x_wconf 84' lang='lat' dir='ltr'>Marb.</span> <span class='ocrx_word' id='word_1_283' title='bbox 1143 3565 1243 3636; x_wconf 81' lang='grc'>(1887),</span> <span class='ocrx_word' id='word_1_284' title='bbox 1262 3564 1437 3642; x_wconf 81' lang='lat' dir='ltr'>enititulum</span> 
     </span>
     <span class='ocr_line' id='line_1_34' title="bbox 299 3650 1437 3720; baseline 0.001 -17"><span class='ocrx_word' id='word_1_285' title='bbox 299 3650 442 3720; x_wconf 85' lang='lat' dir='ltr'>inscripsit</span> <span class='ocrx_word' id='word_1_286' title='bbox 472 3651 693 3718; x_wconf 77' lang='lat' dir='ltr'>Quibuscum</span> <span class='ocrx_word' id='word_1_287' title='bbox 716 3652 806 3706; x_wconf 89' lang='lat' dir='ltr'>viris</span> <span class='ocrx_word' id='word_1_288' title='bbox 832 3651 949 3706; x_wconf 79' lang='lat' dir='ltr'>fuerIt</span> <span class='ocrx_word' id='word_1_289' title='bbox 966 3652 1086 3708; x_wconf 84' lang='lat' dir='ltr'>Statio</span> <span class='ocrx_word' id='word_1_290' title='bbox 1112 3654 1234 3720; x_wconf 89' lang='lat' dir='ltr'>poetae</span> <span class='ocrx_word' id='word_1_291' title='bbox 1258 3669 1336 3706; x_wconf 89' lang='lat' dir='ltr'>usus</span> <span class='ocrx_word' id='word_1_292' title='bbox 1360 3668 1437 3706; x_wconf 90' lang='lat' dir='ltr'>con·</span> 
     </span>
     <span class='ocr_line' id='line_1_35' title="bbox 300 3736 1435 3806; baseline 0 -16"><span class='ocrx_word' id='word_1_293' title='bbox 300 3736 457 3791; x_wconf 89' lang='lat' dir='ltr'>suetudo</span> <span class='ocrx_word' id='word_1_294' title='bbox 476 3736 727 3795; x_wconf 83' lang='lat' dir='ltr'>familiaritas.</span> <span class='ocrx_word' id='word_1_295' title='bbox 754 3737 851 3806; x_wconf 87' lang='lat' dir='ltr'>Neque</span> <span class='ocrx_word' id='word_1_296' title='bbox 868 3738 949 3792; x_wconf 86' lang='lat' dir='ltr'>huius</span> <span class='ocrx_word' id='word_1_297' title='bbox 966 3739 1016 3806; x_wconf 81' lang='lat' dir='ltr'>ret,</span> <span class='ocrx_word' id='word_1_298' title='bbox 1041 3755 1124 3806; x_wconf 87' lang='lat' dir='ltr'>quam</span> <span class='ocrx_word' id='word_1_299' title='bbox 1140 3737 1327 3806; x_wconf 74' lang='grc' dir='ltr'>111111νί11111,</span> <span class='ocrx_word' id='word_1_300' title='bbox 1346 3737 1435 3791; x_wconf 90' lang='lat' dir='ltr'>solum</span> 
     </span>
     <span class='ocr_line' id='line_1_36' title="bbox 300 3821 1432 3896; baseline -0.001 -21"><span class='ocrx_word' id='word_1_301' title='bbox 300 3821 458 3892; x_wconf 87' lang='lat' dir='ltr'>exemplum</span> <span class='ocrx_word' id='word_1_302' title='bbox 484 3826 526 3877; x_wconf 91' lang='lat' dir='ltr'>est</span> <span class='ocrx_word' id='word_1_303' title='bbox 548 3824 664 3892; x_wconf 87' lang='lat' dir='ltr'>Statius,</span> <span class='ocrx_word' id='word_1_304' title='bbox 688 3825 738 3878; x_wconf 90' lang='lat' dir='ltr'>sed</span> <span class='ocrx_word' id='word_1_305' title='bbox 763 3825 847 3878; x_wconf 90' lang='lat' dir='ltr'>etiam</span> <span class='ocrx_word' id='word_1_306' title='bbox 864 3824 994 3879; x_wconf 87' lang='lat' dir='ltr'>Horatius</span> <span class='ocrx_word' id='word_1_307' title='bbox 1020 3829 1049 3879; x_wconf 90' lang='lat' dir='ltr'>et</span> <span class='ocrx_word' id='word_1_308' title='bbox 1066 3824 1205 3896; x_wconf 86' lang='lat' dir='ltr'>Vergilius</span> <span class='ocrx_word' id='word_1_309' title='bbox 1230 3825 1270 3896; x_wconf 77' lang='lat' dir='ltr'>(in</span> <span class='ocrx_word' id='word_1_310' title='bbox 1294 3822 1432 3891; x_wconf 84' lang='lat' dir='ltr'>eclogia</span> 
     </span>
     <span class='ocr_line' id='line_1_37' title="bbox 299 3909 1433 3981; baseline -0.002 -20"><span class='ocrx_word' id='word_1_311' title='bbox 299 3909 440 3979; x_wconf 87' lang='lat' dir='ltr'>nimirum)</span> <span class='ocrx_word' id='word_1_312' title='bbox 466 3910 586 3964; x_wconf 88' lang='lat' dir='ltr'>carmina</span> <span class='ocrx_word' id='word_1_313' title='bbox 602 3928 653 3980; x_wconf 87' lang='lat' dir='ltr'>per</span> <span class='ocrx_word' id='word_1_314' title='bbox 677 3911 777 3964; x_wconf 84' lang='lat' dir='ltr'>seriem</span> <span class='ocrx_word' id='word_1_315' title='bbox 793 3911 927 3981; x_wconf 87' lang='lat' dir='ltr'>temporis</span> <span class='ocrx_word' id='word_1_316' title='bbox 953 3915 1015 3966; x_wconf 86' lang='lat' dir='ltr'>orta</span> <span class='ocrx_word' id='word_1_317' title='bbox 1039 3911 1210 3980; x_wconf 82' lang='lat' dir='ltr'>diversisque</span> <span class='ocrx_word' id='word_1_318' title='bbox 1228 3911 1322 3965; x_wconf 90' lang='lat' dir='ltr'>amieis</span> <span class='ocrx_word' id='word_1_319' title='bbox 1342 3909 1433 3976; x_wconf 89' lang='lat' dir='ltr'>missa,</span> 
     </span>
     <span class='ocr_line' id='line_1_38' title="bbox 300 3992 1434 4067; baseline -0.003 -19"><span class='ocrx_word' id='word_1_320' title='bbox 300 3995 366 4048; x_wconf 92' lang='lat' dir='ltr'>dum</span> <span class='ocrx_word' id='word_1_321' title='bbox 392 3994 544 4050; x_wconf 90' lang='lat' dir='ltr'>editionem</span> <span class='ocrx_word' id='word_1_322' title='bbox 568 3997 723 4065; x_wconf 87' lang='lat' dir='ltr'>instruunt,</span> <span class='ocrx_word' id='word_1_323' title='bbox 746 3997 777 4050; x_wconf 91' lang='lat' dir='ltr'>in</span> <span class='ocrx_word' id='word_1_324' title='bbox 801 4015 887 4050; x_wconf 89' lang='lat' dir='ltr'>unum</span> <span class='ocrx_word' id='word_1_325' title='bbox 911 3997 1013 4052; x_wconf 89' lang='lat' dir='ltr'>librum</span> <span class='ocrx_word' id='word_1_326' title='bbox 1037 4001 1216 4067; x_wconf 86' lang='lat' dir='ltr'>congregant,</span> <span class='ocrx_word' id='word_1_327' title='bbox 1240 4011 1340 4064; x_wconf 51' lang='lat' dir='ltr'>neque,</span> <span class='ocrx_word' id='word_1_328' title='bbox 1354 3992 1434 4046; x_wconf 90' lang='lat' dir='ltr'>aliter</span> 
     </span>
     <span class='ocr_line' id='line_1_39' title="bbox 299 4079 1434 4155; baseline -0.003 -21"><span class='ocrx_word' id='word_1_329' title='bbox 299 4080 460 4135; x_wconf 80' lang='lat' dir='ltr'>Theocritus</span> <span class='ocrx_word' id='word_1_330' title='bbox 478 4083 509 4135; x_wconf 91' lang='lat' dir='ltr'>in</span> <span class='ocrx_word' id='word_1_331' title='bbox 526 4082 630 4152; x_wconf 82' lang='lat' dir='ltr'>idylliis</span> <span class='ocrx_word' id='word_1_332' title='bbox 645 4083 685 4137; x_wconf 91' lang='lat' dir='ltr'>XI</span> <span class='ocrx_word' id='word_1_333' title='bbox 701 4087 729 4137; x_wconf 90' lang='lat' dir='ltr'>et</span> <span class='ocrx_word' id='word_1_334' title='bbox 742 4084 809 4138; x_wconf 88' lang='lat' dir='ltr'><strong>XIII</strong></span> <span class='ocrx_word' id='word_1_335' title='bbox 826 4083 1057 4155; x_wconf 74' lang='grc' dir='ltr'>προσδιαλέγεται,</span> <span class='ocrx_word' id='word_1_336' title='bbox 1074 4088 1107 4137; x_wconf 88' lang='grc'>11</span> <span class='ocrx_word' id='word_1_337' title='bbox 1123 4083 1164 4137; x_wconf 86' lang='lat' dir='ltr'>ait</span> <span class='ocrx_word' id='word_1_338' title='bbox 1177 4079 1346 4152; x_wconf 82' lang='lat' dir='ltr'>hypothesis,</span> <span class='ocrx_word' id='word_1_339' title='bbox 1363 4095 1434 4147; x_wconf 88' lang='lat' dir='ltr'>quae</span> 
     </span>
     <span class='ocr_line' id='line_1_40' title="bbox 299 4165 1435 4239; baseline -0.004 -17"><span class='ocrx_word' id='word_1_340' title='bbox 299 4170 428 4235; x_wconf 89' lang='lat' dir='ltr'>vocatur,</span> <span class='ocrx_word' id='word_1_341' title='bbox 451 4167 548 4222; x_wconf 85' lang='lat' dir='ltr'>Niciae</span> <span class='ocrx_word' id='word_1_342' title='bbox 568 4169 685 4226; x_wconf 85' lang='lat' dir='ltr'>medico.</span> <span class='ocrx_word' id='word_1_343' title='bbox 729 4171 822 4237; x_wconf 85' lang='lat' dir='ltr'>Atque</span> <span class='ocrx_word' id='word_1_344' title='bbox 846 4173 878 4224; x_wconf 92' lang='grc'>11</span> <span class='ocrx_word' id='word_1_345' title='bbox 900 4171 1043 4225; x_wconf 88' lang='lat' dir='ltr'>mittamus</span> <span class='ocrx_word' id='word_1_346' title='bbox 1065 4173 1175 4239; x_wconf 84' lang='lat' dir='ltr'>poetas,</span> <span class='ocrx_word' id='word_1_347' title='bbox 1199 4165 1368 4221; x_wconf 86' lang='lat' dir='ltr'>simillimum</span> <span class='ocrx_word' id='word_1_348' title='bbox 1392 4168 1435 4219; x_wconf 89' lang='lat' dir='ltr'>est</span> 
     </span>
     <span class='ocr_line' id='line_1_41' title="bbox 301 4252 1434 4332; baseline 0 -26"><span class='ocrx_word' id='word_1_349' title='bbox 301 4253 378 4322; x_wconf 90' lang='lat' dir='ltr'>quod</span> <span class='ocrx_word' id='word_1_350' title='bbox 392 4252 498 4308; x_wconf 89' lang='lat' dir='ltr'>Plinius</span> <span class='ocrx_word' id='word_1_351' title='bbox 517 4253 648 4324; x_wconf 84' lang='lat' dir='ltr'>epistulas</span> <span class='ocrx_word' id='word_1_352' title='bbox 666 4254 703 4310; x_wconf 90' lang='lat' dir='ltr'>ad</span> <span class='ocrx_word' id='word_1_353' title='bbox 719 4255 852 4324; x_wconf 89' lang='lat' dir='ltr'>plurimos</span> <span class='ocrx_word' id='word_1_354' title='bbox 871 4255 1020 4310; x_wconf 83' lang='lat' dir='ltr'>familiares</span> <span class='ocrx_word' id='word_1_355' title='bbox 1033 4255 1088 4310; x_wconf 92' lang='lat' dir='ltr'>huc</span> <span class='ocrx_word' id='word_1_356' title='bbox 1100 4254 1167 4308; x_wconf 89' lang='lat' dir='ltr'>illuc</span> <span class='ocrx_word' id='word_1_357' title='bbox 1180 4253 1257 4308; x_wconf 83' lang='lat' dir='ltr'>datae</span> <span class='ocrx_word' id='word_1_358' title='bbox 1270 4267 1322 4322; x_wconf 84' lang='lat' dir='ltr'>per</span> <span class='ocrx_word' id='word_1_359' title='bbox 1330 4269 1434 4332; x_wconf 87' lang='lat' dir='ltr'>¹novem</span> 
     </span>
    </p>
   </div>
   <div class='ocr_carea' id='block_1_5' title="bbox 298 4340 1031 4418">
    <p class='ocr_par' dir='ltr' id='par_1_6' title="bbox 298 4340 1031 4418">
     <span class='ocr_line' id='line_1_42' title="bbox 298 4340 1031 4418; baseline -0.004 -18"><span class='ocrx_word' id='word_1_360' title='bbox 298 4340 386 4400; x_wconf 88' lang='lat' dir='ltr'>libros</span> <span class='ocrx_word' id='word_1_361' title='bbox 406 4340 568 4398; x_wconf 84' lang='lat' dir='ltr'>distributas</span> <span class='ocrx_word' id='word_1_362' title='bbox 587 4341 764 4397; x_wconf 81' lang='lat' dir='ltr'>dedicaturi</span> <span class='ocrx_word' id='word_1_363' title='bbox 781 4341 899 4416; x_wconf 85' lang='lat' dir='ltr'>Septitio</span> <span class='ocrx_word' id='word_1_364' title='bbox 916 4341 1031 4418; x_wconf 89' lang='lat' dir='ltr'>petenti.</span> 
     </span>
    </p>
   </div>
   <div class='ocr_carea' id='block_1_6' title="bbox 0 0 1700 5150">
    <p class='ocr_par' dir='ltr' id='par_1_7' title="bbox 0 0 1700 5150">
     <span class='ocr_line' id='line_1_43' title="bbox 0 0 1700 5150; baseline 0 0"><span class='ocrx_word' id='word_1_365' title='bbox 0 0 1700 5150; x_wconf 95' lang='lat' dir='ltr'> </span> 
     </span>
    </p>
   </div>
  </div>
 </body>
</html>
