3392 5150
895 365 936 429 20

352 551 533 619 militaris
549 551 785 636 antiquissimis
798 551 996 638 temporibus
1013 553 1188 637 scriptores
1207 555 1412 620 consuevisse
1428 554 1478 620 ait

352 655 460 724 studia
489 656 608 722 litteris
636 654 794 723 mandata
821 654 1072 739 imperatoribus
1103 655 1240 738 donare,
1274 659 1352 740 qula
1380 647 1495 740 neque

350 765 431 828 recte
448 759 571 844 aliquid
586 759 760 836 tutotuto,
777 759 843 824 nate·
852 764 928 842 post
943 759 1036 826 &tou
1050 760 1168 844 fucat
1182 762 1363 844 inperator,
1380 782 1479 845 aeque

351 884 537 948 quenquam
565 865 669 948 mepte
699 863 783 928 decet
811 862 859 928 uel
891 863 1024 929 meliora
1057 863 1138 928 sobe
1170 862 1219 930 ecl
1245 864 1349 946 pluro
1382 885 1478 948 pum

345 969 537 1052 prladpern,
567 969 658 1034 cuias
685 966 829 1032 doctina
855 966 998 1032 maumas
1019 971 1124 1050 potest
1144 967 1296 1050 prodesae
1323 967 1476 1034 mutua

232 1080 238 1098 '
352 1069 453 1138 Paulo
475 1069 563 1138 inira
583 1070 688 1136 denuo
710 1069 803 1154 quasi
824 1070 918 1135 anxie
939 1067 1084 1136 affirmat
1104 1069 1234 1136 minime
1258 1091 1293 1136 se
1314 1069 1348 1137 in
1370 1073 1478 1136 animo

349 1173 474 1240 babere
503 1175 732 1259 imperatorem
763 1173 932 1240 certiorem
964 1171 1073 1241 iacere
1104 1172 1145 1240 de
1178 1173 1275 1239 rebus
1295 1172 1342 1238 'ei
1371 1173 1478 1240 adhuc

350 1276 537 1362 incognitis:
568 1297 632 1343 aon
660 1295 722 1360 qao
753 1276 825 1357 teet,
855 1279 1028 1360 iraperutor
1056 1278 1182 1358 laetate,
1211 1278 1277 1344 into
1310 1277 1479 1344 eldeum

350 1383 518 1467 incoquitur,
541 1380 596 1447 sed
616 1385 661 1461 ut,
683 1379 889 1464 quidquid..
910 1429 916 1442 .
938 1380 1164 1464 requirendum
1184 1381 1302 1460 credis,
1324 1382 1477 1448 inuentus.

435 1482 549 1550 Musae
569 1483 663 1549 initio
686 1482 863 1550 carminum
886 1503 907 1549 a
928 1483 1035 1568 poetis
1064 1483 1247 1569 appellatae
1273 1482 1310 1549 in
1337 1489 1477 1550 mentem

350 1586 444 1655 nobis
460 1588 601 1669 veniunt,
623 1586 651 1652 si
668 1586 832 1652 Valerium
850 1585 1026 1653 Maximum
1046 1585 1251 1671 praelautum
1271 1587 1375 1673 primo
1392 1586 1478 1654 libro

349 1691 554 1758 factorum
582 1695 622 1757 et
652 1690 858 1757 dictorum
888 1689 1216 1758 memorabilium
1246 1688 1396 1756 andimus
1425 1690 1477 1757 his

349 1794 471 1861 verbis:
493 1803 522 1860 te
542 1795 643 1880 lpttur
663 1794 736 1862 lulio
757 1799 868 1881 coepto,
886 1815 983 1879 penes
1004 1815 1095 1878 quem
1111 1794 1272 1861 bominem
1289 1794 1477 1877 decretaque

350 1917 521 1965 cmwerrsuo
540 1901 642 1966 marie
663 1919 702 1966 ue
723 1904 827 1965 terrae
846 1899 986 1982 repimea
1007 1919 1073 1966 esce
1088 1899 1202 1978 uolat,
1226 1899 1403 1964 mommo
1423 1919 1476 1964 sa·

351 2001 402 2072 lue
417 2003 563 2085 petrice,
596 2001 730 2081 Ouarar,
758 2004 881 2083 invoca·
909 2001 990 2067 haee
1017 2001 1146 2084 absque
1175 2001 1259 2069 servi
1285 2001 1321 2066 in
1346 2000 1475 2067 modum

348 2103 437 2170 dieta
450 2102 616 2172 fastidium
628 2105 723 2172 nobis
736 2102 885 2171 afferunt.
908 2103 998 2182 Quae
1010 2104 1205 2189 apotheosis,
1211 2105 1234 2185 1)
1251 2109 1288 2170 nt
1300 2104 1349 2171 ita
1362 2103 1476 2185 dicam,

347 2208 553 2293 imperatoris
574 2209 740 2276 Laetantii
761 2207 959 2294 praefationi
979 2207 1073 2274 libris
1095 2206 1325 2274 divinarum
1350 2206 1476 2273 insti·

347 2312 541 2379 tutionum
554 2311 686 2379 additae
696 2310 860 2397 exemplar
868 2331 940 2377 esse
953 2312 1069 2395 potuit,
1082 2309 1139 2377 ubi
1152 2310 1288 2378 similem
1300 2312 1336 2377 in
1347 2312 1476 2378 modum

345 2414 427 2482 haec
439 2415 629 2482 dictasunt:
642 2416 1057 2499 quodopusamseoomlcts
1068 2416 1118 2480 tui
1129 2414 1474 2498 asspiciotreobomus,

351 2518 554 2586 merae
582 2521 755 2602 inperator
784 2520 920 2584 moctree
947 2567 954 2580 .
982 2568 990 2584 .
1018 2538 1148 2601 „quem
1171 2520 1282 2602 potius
1312 2517 1475 2602 appellem,

346 2642 437 2705 quem
465 2622 613 2705 alloquar
639 2623 705 2688 alsi
732 2642 818 2700 eon,
849 2641 910 2703 per
937 2641 1028 2704 quem
1054 2621 1149 2687 rebus
1175 2621 1325 2688 lemonta
1350 2623 1476 2687 lanitia

345 2729 375 2792 et
395 2727 553 2808 sapienta
573 2726 722 2792 restituto
738 2729 793 2791 est.
833 2724 903 2790 Hoc
919 2723 990 2789 loco
1007 2722 1139 2806 paulum
1157 2723 1379 2804 subsistamus,
1402 2745 1475 2790 cum

345 2826 508 2895 Lactantii
524 2825 601 2894 libri
618 2827 816 2912 aptissimam
835 2847 949 2894 ansam
965 2825 1144 2911 praebeant
1161 2826 1219 2908 eis,
1242 2828 1297 2913 qui
1318 2826 1401 2894 hanc
1418 2826 1474 2893 de·

346 2930 518 2998 dicationis
537 2932 685 3017 speciem,
702 2930 742 2997 de
760 2952 826 3016 qna
839 2928 972 3014 agimm
992 2949 1181 3014 cognoscere
1194 2930 1302 2996 velint.
1333 2929 1474 2997 libertus

346 3034 432 3101 euim
462 3033 532 3115 (iib.
562 3034 638 3101 den
658 3032 883 3101 Verfasser
911 3032 983 3099 des
1005 3031 1166 3099 Buches
1194 3033 1241 3098 de
1269 3033 1474 3101 mortibus

344 3143 671 3222 persecutorum,
693 3137 765 3206 Ber.
794 3135 825 3226 d:
856 3136 961 3203 stichs.
991 3136 1064 3203 Ges.
1093 3133 1241 3212 d.,Wiss.
1272 3137 1354 3203 1870
1383 3137 1474 3204 XXII

346 3240 407 3306 135
436 3244 519 3325 sqq.)
547 3239 638 3306 illam
666 3239 894 3307 allocutionem
922 3240 965 3306 ad
992 3239 1220 3323 imperatorem
1248 3238 1412 3307 derectam
1439 3240 1473 3307 in

344 3343 450 3428 prima
467 3344 607 3410 editione
624 3363 690 3410 non
708 3342 869 3411 exstitisse
887 3342 1063 3410 contendit.
1081 3340 1198 3408 Libros
1214 3343 1353 3428 primum
1371 3363 1473 3429 usque

346 3447 388 3513 ad
400 3447 548 3531 quintum
558 3467 632 3514 esse
647 3447 786 3532 scriptos
800 3447 893 3513 annis
908 3447 1066 3526 toi—10,
1079 3444 1178 3513 verba
1190 3446 1233 3512 ad
1245 3446 1474 3534 imperatorem
1491 3518 1498 3534 ⁸

343 3551 467 3616 inserta
484 3550 578 3617 annis
597 3554 754 3618 als—23.
790 3548 882 3616 Habe
898 3549 1001 3632 ipsius
1017 3548 1133 3615 rerba:
1151 3551 1198 3616 Es
1216 3551 1296 3618 lacet
1311 3552 1379 3618 ciel
1394 3550 1475 3617 well
1500 3571 1504 3578 ·

344 3654 473 3735 dealem
495 3653 573 3720 duaa
592 3654 629 3721 J..
648 3653 774 3720 damula
792 3655 859 3719 eine
875 3673 953 3718 acue
970 3653 1121 3738 Aaspabc
1137 3655 1241 3720 adua
1261 3656 1473 3721 institutiones

344 3757 483 3843 bceorpte
512 3757 580 3824 uacl
609 3757 701 3824 ‹lobei
731 3755 1167 3824 depositaetaleae.
1211 3758 1300 3825 Haec
1328 3757 1472 3823 sirecte

343 3859 507 3942 (licuntur,
536 3881 641 3944 neque
670 3879 729 3946 ego
754 3859 937 3946 improbare
958 3879 1087 3943 possum
1109 3859 1222 3926 Eberti
1243 3859 1470 3938 coniecturam,
1605 3933 1608 3938 ,

343 3984 409 4050 qua
430 3961 471 4031 de
494 3983 593 4031 causa
615 3963 659 4030 ad
677 3962 848 4030 Gaesarem
868 3962 1029 4030 dedicatio
1051 3961 1213 4029 translata
1236 3962 1281 4030 sit
1301 3970 1387 4044 (nam
1407 3980 1470 4027 uon

343 4066 452 4155 inepte
474 4065 615 4135 Ebertus
643 4067 778 4134 coniecit
804 4068 942 4152 primam
963 4064 1138 4133 editionem
1159 4066 1348 4150 inscriptam
1369 4063 1470 4131 tuisse

429 4291 449 4361 ¹)
467 4290 502 4349 ci.
520 4290 612 4346 locum
629 4290 710 4347 Statii
726 4307 810 4360 supra
828 4289 865 4360 (p.
884 4292 910 4362 ὃ)
930 4290 1099 4361 exscriptum
1117 4288 1181 4346 Silv.
1198 4289 1219 4358 I,
1236 4290 1283 4344 tu
1302 4305 1362 4358 sqq.
