3392 5150
852 473 1006 569 —ee—

451 658 551 724 Plane
573 657 663 724 aliud
685 658 853 726 eonsilium
871 659 947 726 olim
965 658 1067 726 secuti
1090 664 1165 725 sunt
1182 659 1272 728 Sulla
1290 663 1323 726 et
1341 660 1375 726 C.
1394 659 1493 726 Luta-

366 764 431 829 tius
453 761 601 842 Catulus,
625 781 761 846 quorum
781 767 918 848 uterque
941 751 1221 844 commentarium,
1248 784 1342 849 quem
1365 762 1405 829 de
1427 765 1494 830 vita

366 887 426 933 sua
441 865 491 932 rel
509 865 649 932 dovitae
667 869 760 950 parts
778 865 961 951 scripserat,
980 865 1146 934 dedicavit
1186 865 1310 934 Sullam
1327 867 1360 934 id
1379 865 1494 934 fecisse

368 969 486 1036 scimus
524 990 563 1036 ex
596 967 760 1035 Plutarchi
791 968 916 1036 Luculli
945 970 1014 1036 vita
1043 975 1076 1035 l:
1119 968 1238 1056 (Sulla)
1268 970 1496 1059 προσεφώνησεν

366 1069 493 1153 (Lucull
513 1079 524 1152 )
548 1119 555 1135 ·
579 1121 587 1137 .
611 1119 618 1136 .
650 1067 691 1153 ὦς
727 1076 937 1166 συνταξομένῳ
972 1078 1021 1140 καὶ
1059 1074 1238 1163 διαθήσοντι
1274 1069 1331 1162 τήν
1361 1077 1494 1160 ἱστορίαν

367 1173 498 1264 ἄμεινον,
516 1197 600 1263 quae
621 1196 693 1242 meo
715 1176 846 1262 quidem
867 1175 1004 1243 arbitrio
1025 1177 1115 1242 nullo
1139 1177 1203 1244 alio
1224 1177 1318 1244 modo
1340 1177 1496 1263 explicari

365 1284 517 1366 possunt,
543 1279 605 1346 nisi
627 1278 752 1346 Sullam
773 1299 811 1345 eo
838 1280 972 1347 consilio
996 1280 1165 1365 scripsisse
1188 1281 1230 1346 ad
1251 1281 1430 1363 Lucullum,
1457 1285 1495 1347 ut

367 1384 398 1452 ei
420 1383 514 1470 quasi
535 1384 703 1449 materiem
725 1383 821 1450 daret
847 1382 890 1450 ad
915 1382 1087 1451 historiam
1109 1383 1382 1451 conscribendam.
1425 1383 1496 1451 Hoc

367 1487 512 1572 exemplo
531 1486 657 1571 cognito
674 1485 828 1552 libentius
849 1487 887 1554 H.
906 1486 1014 1553 Peteri
1032 1489 1249 1554 coniecturam
1267 1489 1306 1568 (J.
1319 1489 1348 1556 J.
1370 1493 1494 1576 ¹¹5u1)

367 1591 406 1658 de
443 1589 681 1656 commentariis
717 1589 750 1656 Ο.
782 1590 912 1662 Lucam
935 1590 1044 1657 Catuli
1080 1591 1200 1657 factam
1222 1591 1412 1675 probamus,
1439 1590 1495 1676 qui

367 1693 447 1786 dicit
474 1691 623 1760 Catulum
651 1693 779 1773 librum,
809 1714 899 1777 quem
928 1693 966 1760 de
995 1696 1161 1761 consolate
1188 1715 1246 1760 seo
1273 1697 1361 1762 misit
1389 1695 1432 1761 ed
1453 1697 1493 1760 A.

369 1797 507 1864 narem
521 1801 649 1881 pectora
673 1797 750 1877 (Gio.
773 1797 864 1862 Brut.
888 1800 1003 1886 35„,),
1026 1795 1101 1862 huic
1121 1797 1340 1885 inscripsisse,
1379 1803 1416 1865 ut
1445 1819 1493 1880 ea,

367 1921 450 1985 quae
472 1898 585 1966 oonsul
606 1900 754 1986 gesserit,
774 1899 922 1967 versibus
943 1904 1164 1985 persequatur.

455 2002 560 2083 Quam
574 2004 792 2071 coniecturam
801 2024 839 2070 eo
854 2004 960 2072 minus
975 2004 1158 2088 improbare
1172 2025 1312 2092 possum,
1328 2005 1415 2088 quod
1430 2005 1494 2072 alio
1555 2035 1558 2042 ⁴

325 2143 327 2150 ι
367 2126 495 2192 quoque
513 2107 657 2193 exemplo
676 2105 858 2174 ostenditur
874 2112 991 2195 poetae
1010 2128 1030 2172 a
1047 2107 1206 2195 scriptore
1224 2108 1368 2195 pedestri
1385 2108 1495 2175 afferri

365 2209 510 2294 potuisse
527 2211 705 2290 materiem,
728 2232 793 2296 qua
809 2214 956 2277 uteretur
978 2211 1020 2276 ad
1043 2211 1186 2276 earmina
1202 2210 1382 2296 pangenda.
1410 2212 1494 2278 Nam

366 2335 438 2380 cunr
452 2313 560 2380 Petsri
575 2315 781 2400 perlegissem
798 2314 1110 2395 commentationem,
1129 2315 1240 2382 statim
1257 2314 1337 2379 mihi
1353 2315 1388 2380 in
1405 2337 1494 2382 men·

364 2422 432 2484 tem
445 2417 531 2484 venit
543 2417 699 2483 memoria
711 2416 879 2484 Parthenii
887 2417 1083 2494 Nicaeensis,
1100 2438 1196 2502 quem
1203 2418 1238 2483 in
1251 2439 1344 2485 usum
1354 2417 1493 2485 Cornelii

367 2519 454 2586 Galli
476 2520 612 2586 Romani
634 2518 801 2605 collegisse
824 2542 972 2588 amorum
992 2520 1121 2588 fabulas
1147 2517 1284 2608 (ἕρωτικοῖ
1307 2522 1492 2610 παθήματα)

365 2622 454 2690 haud
475 2622 675 2708 ignorabam,
705 2623 824 2708 quibus
846 2627 992 2692 uteretur
1011 2624 1047 2688 in
1068 2623 1181 2710 elegiis
1204 2623 1493 2691 Alexandrinorum

364 2727 400 2793 in
420 2726 552 2793 modum
570 2727 811 2812 componendis,
840 2726 880 2795 cf.
903 2727 1066 2814 epistulae
1086 2727 1171 2794 libro
1193 2727 1356 2815 praefixae
1378 2728 1491 2796 verba:

367 2839 414 2899 ool
435 2832 581 2918 παρέσται
602 2835 643 2911 εἷς
666 2826 726 2918 ἔπη
747 2836 797 2898 καὶ
818 2833 948 2919 ἕλεγὲίας
969 2827 1099 2919 ἐνάγειν.

319 2975 322 2982 ·
452 2932 563 2999 Cicero
607 2933 746 3018 denique
789 2934 829 3000 de
873 2933 1045 3002 consulatu
1086 2955 1144 3001 suo
1186 2935 1272 3019 quod
1317 2937 1495 3023 scripserat

364 3033 544 3124 ὑπόμνημα,
568 3036 742 3104 Posidonio
763 3038 860 3119 misit,
888 3043 925 3105 ot
944 3040 1089 3105 creetias
1110 3040 1148 3104 de
1175 3039 1275 3104 isdem
1302 3039 1396 3106 redas
1416 3042 1493 3106 scri·

365 3142 463 3222 beret3
485 3136 525 3206 el.
549 3139 593 3207 ad
615 3142 681 3207 Att.
704 3140 745 3206 11.
771 3146 820 3228 1,.

450 3243 521 3310 Non
543 3247 659 3327 poetae
688 3248 723 3310 at
737 3245 875 3329 ¹oratori
897 3244 1023 3329 copiam
1046 3242 1264 3327 exemplorum
1286 3243 1403 3310 afferre
1424 3245 1494 3312 uult

365 3345 467 3413 Iulius
490 3347 583 3412 Paris
605 3347 747 3431 epitoma
769 3369 808 3413 ex
826 3346 955 3414 Valerio
976 3346 1116 3412 Maximo
1139 3343 1243 3412 iacta:
1267 3346 1494 3432 Ereorptoram

366 3452 621 3535 conquisitionem
658 3471 727 3544 earn
767 3453 879 3516 scirem
915 3471 982 3517 esse
1018 3469 1081 3530 aeq
1117 3450 1224 3515 miuus
1258 3451 1493 3534 dispateatrbres

369 3575 466 3639 quam
487 3553 736 3621 deelmeaatibas
757 3556 1022 3620 accessorium..
1043 3602 1049 3615 .
1072 3559 1109 3619 ιιι
1129 3558 1159 3619 et
1176 3554 1306 3638 facibus
1327 3557 1492 3636 invenires,

365 3661 396 3725 si
425 3657 552 3740 quoodo
579 3657 656 3740 qaid
676 3677 855 3740 quaereres,
878 3662 907 3724 et
927 3662 1004 3742 epte
1031 3677 1152 3742 sereser
1179 3659 1323 3725 meteriis
1350 3659 1493 3744 eaerrplo

366 3763 579 3847 subiaeperes.

367 3955 490 4020 Quanta
506 3955 541 4016 in
559 3954 775 4016 aestimatione
797 3955 881 4033 apud
898 3959 1021 4016 veteres
1039 3953 1192 4016 librorum
1213 3955 1369 4017 dodiostio
1387 3955 1491 4017 luerit.

454 4070 543 4137 Haec
570 4070 638 4136 fere
667 4068 745 4137 mihi
773 4068 911 4136 dicenda
937 4074 1033 4136 erant
1060 4071 1231 4155 exponenti
1254 4091 1352 4155 quam
1372 4069 1492 4138 habeat

366 4173 439 4256 vim,
457 4194 540 4259 quae
553 4172 690 4239 consilia
704 4178 861 4259 sequatur
873 4173 1030 4240 librorum
1044 4172 1213 4240 dedicatio.
1247 4173 1318 4238 lam
1331 4172 1492 4241 secundae

365 4276 603 4343 dissertationis
631 4277 733 4363 parti,
766 4297 830 4361 qna
858 4277 1146 4343 demonstrandum
1174 4277 1238 4343 erit
1272 4298 1336 4361 qua
1364 4277 1489 4347 ratione

367 4379 547 4474 quibusque
580 4380 725 4452 formulis
759 4379 835 4452 libri
870 4380 1042 4450 dedicatio·
1061 4400 1214 4468 expressa
1243 4381 1310 4496 sit,
1337 4383 1491 4452 accedere
