<?xml version="1.0" encoding="UTF-8"?>
<!DOCTYPE html PUBLIC "-//W3C//DTD XHTML 1.0 Transitional//EN"
    "http://www.w3.org/TR/xhtml1/DTD/xhtml1-transitional.dtd">
<html xmlns="http://www.w3.org/1999/xhtml" xml:lang="en" lang="en">
 <head>
  <title>
</title>
<meta http-equiv="Content-Type" content="text/html;charset=utf-8" />
  <meta name='ocr-system' content='tesseract 3.04.00' />
  <meta name='ocr-capabilities' content='ocr_page ocr_carea ocr_par ocr_line ocrx_word'/>
</head>
<body>
  <div class='ocr_page' id='page_1' title='image "./demorelibrosded00graegoog_0027.png"; bbox 0 0 3392 5150; ppageno 0'>
   <div class='ocr_carea' id='block_1_1' title="bbox 690 397 844 495">
    <p class='ocr_par' dir='ltr' id='par_1_1' title="bbox 690 397 844 495">
     <span class='ocr_line' id='line_1_1' title="bbox 690 397 844 495; baseline 0 -35"><span class='ocrx_word' id='word_1_1' title='bbox 690 397 844 495; x_wconf 69' lang='lat'>—19—</span> 
     </span>
    </p>
   </div>
   <div class='ocr_carea' id='block_1_2' title="bbox 199 576 1409 3873">
    <p class='ocr_par' dir='ltr' id='par_1_2' title="bbox 205 576 1336 1691">
     <span class='ocr_line' id='line_1_2' title="bbox 205 576 1336 677; baseline -0.001 -21"><span class='ocrx_word' id='word_1_2' title='bbox 205 591 305 659; x_wconf 90' lang='lat' dir='ltr'>moris</span> <span class='ocrx_word' id='word_1_3' title='bbox 333 589 383 655; x_wconf 84' lang='lat' dir='ltr'>vel</span> <span class='ocrx_word' id='word_1_4' title='bbox 416 585 499 653; x_wconf 90' lang='lat' dir='ltr'>lucri</span> <span class='ocrx_word' id='word_1_5' title='bbox 533 604 633 652; x_wconf 89' lang='lat' dir='ltr'>causa</span> <span class='ocrx_word' id='word_1_6' title='bbox 662 583 750 652; x_wconf 84' lang='lat' dir='ltr'>facta</span> <span class='ocrx_word' id='word_1_7' title='bbox 776 584 839 650; x_wconf 83' lang='lat' dir='ltr'>rim</span> <span class='ocrx_word' id='word_1_8' title='bbox 868 583 1093 671; x_wconf 75' lang='lat' dir='ltr'>catonemque</span> <span class='ocrx_word' id='word_1_9' title='bbox 1119 576 1336 677; x_wconf 90' lang='lat' dir='ltr'>principalem</span> 
     </span>
     <span class='ocr_line' id='line_1_3' title="bbox 205 685 1332 778; baseline -0.001 -17"><span class='ocrx_word' id='word_1_10' title='bbox 205 694 323 762; x_wconf 89' lang='lat' dir='ltr'>amisit.</span> <span class='ocrx_word' id='word_1_11' title='bbox 366 691 457 757; x_wconf 88' lang='lat' dir='ltr'>idem</span> <span class='ocrx_word' id='word_1_12' title='bbox 478 695 576 775; x_wconf 88' lang='lat' dir='ltr'>poeta</span> <span class='ocrx_word' id='word_1_13' title='bbox 598 690 663 755; x_wconf 91' lang='lat' dir='ltr'>alio</span> <span class='ocrx_word' id='word_1_14' title='bbox 685 688 756 754; x_wconf 86' lang='lat' dir='ltr'>loco</span> <span class='ocrx_word' id='word_1_15' title='bbox 776 685 934 753; x_wconf 87' lang='lat' dir='ltr'>similibus</span> <span class='ocrx_word' id='word_1_16' title='bbox 951 687 1059 755; x_wconf 83' lang='lat' dir='ltr'>verbis</span> <span class='ocrx_word' id='word_1_17' title='bbox 1076 691 1191 774; x_wconf 90' lang='lat' dir='ltr'>utitur,</span> <span class='ocrx_word' id='word_1_18' title='bbox 1213 693 1332 778; x_wconf 90' lang='lat' dir='ltr'>quibus</span> 
     </span>
     <span class='ocr_line' id='line_1_4' title="bbox 205 789 1333 884; baseline 0 -20"><span class='ocrx_word' id='word_1_19' title='bbox 205 796 354 884; x_wconf 81' lang='lat' dir='ltr'>superior</span> <span class='ocrx_word' id='word_1_20' title='bbox 374 793 430 860; x_wconf 92' lang='lat' dir='ltr'>ille</span> <span class='ocrx_word' id='word_1_21' title='bbox 450 793 541 863; x_wconf 87' lang='lat' dir='ltr'>locus</span> <span class='ocrx_word' id='word_1_22' title='bbox 562 791 666 878; x_wconf 80' lang='lat' dir='ltr'>magis</span> <span class='ocrx_word' id='word_1_23' title='bbox 683 790 879 857; x_wconf 89' lang='lat' dir='ltr'>illustratur.</span> <span class='ocrx_word' id='word_1_24' title='bbox 923 789 1045 858; x_wconf 84' lang='lat' dir='ltr'>Octavo</span> <span class='ocrx_word' id='word_1_25' title='bbox 1061 792 1146 861; x_wconf 89' lang='lat' dir='ltr'>libro</span> <span class='ocrx_word' id='word_1_26' title='bbox 1163 797 1333 880; x_wconf 78' lang='lat' dir='ltr'>praemisit</span> 
     </span>
     <span class='ocr_line' id='line_1_5' title="bbox 206 889 1331 987; baseline -0.003 -18"><span class='ocrx_word' id='word_1_27' title='bbox 206 900 376 985; x_wconf 73' lang='lat' dir='ltr'>epistulam</span> <span class='ocrx_word' id='word_1_28' title='bbox 398 895 545 964; x_wconf 89' lang='lat' dir='ltr'>oratione</span> <span class='ocrx_word' id='word_1_29' title='bbox 561 895 669 963; x_wconf 91' lang='lat' dir='ltr'>solnta</span> <span class='ocrx_word' id='word_1_30' title='bbox 687 894 731 960; x_wconf 92' lang='lat' dir='ltr'>ad</span> <span class='ocrx_word' id='word_1_31' title='bbox 746 889 976 978; x_wconf 76' lang='lat' dir='ltr'>imperatorem</span> <span class='ocrx_word' id='word_1_32' title='bbox 994 895 1213 964; x_wconf 86' lang='lat' dir='ltr'>Domitianum</span> <span class='ocrx_word' id='word_1_33' title='bbox 1230 901 1331 987; x_wconf 92' lang='lat' dir='ltr'>scrip·</span> 
     </span>
     <span class='ocr_line' id='line_1_6' title="bbox 205 996 1332 1086; baseline 0.001 -16"><span class='ocrx_word' id='word_1_34' title='bbox 205 1009 291 1083; x_wconf 87' lang='lat' dir='ltr'>tam,</span> <span class='ocrx_word' id='word_1_35' title='bbox 327 1003 418 1068; x_wconf 87' lang='lat' dir='ltr'>cuius</span> <span class='ocrx_word' id='word_1_36' title='bbox 453 1019 577 1066; x_wconf 90' lang='lat' dir='ltr'>summa</span> <span class='ocrx_word' id='word_1_37' title='bbox 611 1003 688 1064; x_wconf 90' lang='lat' dir='ltr'>sunt</span> <span class='ocrx_word' id='word_1_38' title='bbox 720 996 803 1062; x_wconf 91' lang='lat' dir='ltr'>haec</span> <span class='ocrx_word' id='word_1_39' title='bbox 835 998 946 1064; x_wconf 87' lang='lat' dir='ltr'>verba:</span> <span class='ocrx_word' id='word_1_40' title='bbox 990 999 1105 1066; x_wconf 59' lang='lat' dir='ltr'>mares</span> <span class='ocrx_word' id='word_1_41' title='bbox 1138 1002 1236 1069; x_wconf 77' lang='lat' dir='ltr'>lebedi</span> <span class='ocrx_word' id='word_1_42' title='bbox 1261 1006 1332 1086; x_wconf 84' lang='lat' dir='ltr'>mci,</span> 
     </span>
     <span class='ocr_line' id='line_1_7' title="bbox 207 1102 1335 1190; baseline 0.001 -17"><span class='ocrx_word' id='word_1_43' title='bbox 207 1108 340 1190; x_wconf 74' lang='lat' dir='ltr'>daniae,</span> <span class='ocrx_word' id='word_1_44' title='bbox 362 1103 475 1188; x_wconf 72' lang='lat' dir='ltr'>quaa</span> <span class='ocrx_word' id='word_1_45' title='bbox 491 1107 526 1169; x_wconf 81' lang='lat' dir='ltr'>ta</span> <span class='ocrx_word' id='word_1_46' title='bbox 544 1102 677 1186; x_wconf 80' lang='lat' dir='ltr'>famma,</span> <span class='ocrx_word' id='word_1_47' title='bbox 698 1102 734 1168; x_wconf 83' lang='lat' dir='ltr'>id</span> <span class='ocrx_word' id='word_1_48' title='bbox 751 1106 798 1167; x_wconf 81' lang='lat' dir='ltr'>cst</span> <span class='ocrx_word' id='word_1_49' title='bbox 812 1103 919 1184; x_wconf 74' lang='lat' dir='ltr'>arma,</span> <span class='ocrx_word' id='word_1_50' title='bbox 937 1102 1060 1185; x_wconf 80' lang='lat' dir='ltr'>dedisti,</span> <span class='ocrx_word' id='word_1_51' title='bbox 1082 1104 1140 1170; x_wconf 82' lang='lat' dir='ltr'>tibi</span> <span class='ocrx_word' id='word_1_52' title='bbox 1154 1107 1335 1190; x_wconf 71' lang='lat' dir='ltr'>supplicant</span> 
     </span>
     <span class='ocr_line' id='line_1_8' title="bbox 207 1202 1333 1294; baseline -0.003 -16"><span class='ocrx_word' id='word_1_53' title='bbox 207 1217 237 1278; x_wconf 86' lang='lat' dir='ltr'>ct</span> <span class='ocrx_word' id='word_1_54' title='bbox 260 1214 339 1294; x_wconf 73' lang='lat' dir='ltr'>prete</span> <span class='ocrx_word' id='word_1_55' title='bbox 362 1212 492 1292; x_wconf 81' lang='lat' dir='ltr'>propter</span> <span class='ocrx_word' id='word_1_56' title='bbox 518 1205 575 1272; x_wconf 81' lang='lat' dir='ltr'>boc</span> <span class='ocrx_word' id='word_1_57' title='bbox 603 1205 758 1290; x_wconf 67' lang='lat' dir='ltr'>lepram.</span> <span class='ocrx_word' id='word_1_58' title='bbox 802 1202 900 1270; x_wconf 89' lang='lat' dir='ltr'>Libro</span> <span class='ocrx_word' id='word_1_59' title='bbox 928 1204 1028 1290; x_wconf 82' lang='lat' dir='ltr'>igitur</span> <span class='ocrx_word' id='word_1_60' title='bbox 1049 1207 1163 1289; x_wconf 85' lang='lat' dir='ltr'>quinto</span> <span class='ocrx_word' id='word_1_61' title='bbox 1185 1207 1333 1275; x_wconf 85' lang='lat' dir='ltr'>dedicato</span> 
     </span>
     <span class='ocr_line' id='line_1_9' title="bbox 206 1307 1335 1398; baseline -0.002 -18"><span class='ocrx_word' id='word_1_62' title='bbox 206 1312 250 1396; x_wconf 89' lang='lat' dir='ltr'>id,</span> <span class='ocrx_word' id='word_1_63' title='bbox 268 1312 355 1398; x_wconf 90' lang='lat' dir='ltr'>qnod</span> <span class='ocrx_word' id='word_1_64' title='bbox 371 1312 482 1391; x_wconf 82' lang='lat' dir='ltr'>voluit,</span> <span class='ocrx_word' id='word_1_65' title='bbox 502 1315 695 1374; x_wconf 87' lang='lat' dir='ltr'>consecutus</span> <span class='ocrx_word' id='word_1_66' title='bbox 714 1328 785 1375; x_wconf 87' lang='lat' dir='ltr'>esse</span> <span class='ocrx_word' id='word_1_67' title='bbox 801 1307 944 1374; x_wconf 79' lang='lat' dir='ltr'>videturt</span> <span class='ocrx_word' id='word_1_68' title='bbox 961 1310 1178 1394; x_wconf 89' lang='lat' dir='ltr'>patrocinium</span> <span class='ocrx_word' id='word_1_69' title='bbox 1194 1311 1335 1398; x_wconf 87' lang='lat' dir='ltr'>impera·</span> 
     </span>
     <span class='ocr_line' id='line_1_10' title="bbox 206 1401 1335 1501; baseline -0.006 -18"><span class='ocrx_word' id='word_1_70' title='bbox 206 1416 289 1484; x_wconf 88' lang='lat' dir='ltr'>toris</span> <span class='ocrx_word' id='word_1_71' title='bbox 317 1401 453 1501; x_wconf 80' lang='lat' dir='ltr'>gloriam</span> <span class='ocrx_word' id='word_1_72' title='bbox 483 1413 513 1480; x_wconf 93' lang='lat' dir='ltr'>ei</span> <span class='ocrx_word' id='word_1_73' title='bbox 541 1413 756 1498; x_wconf 82' lang='lat' dir='ltr'>comparavit,</span> <span class='ocrx_word' id='word_1_74' title='bbox 785 1413 939 1492; x_wconf 89' lang='lat' dir='ltr'>carmina,</span> <span class='ocrx_word' id='word_1_75' title='bbox 969 1412 1089 1499; x_wconf 86' lang='lat' dir='ltr'>quippe</span> <span class='ocrx_word' id='word_1_76' title='bbox 1118 1434 1201 1497; x_wconf 87' lang='lat' dir='ltr'>quas</span> <span class='ocrx_word' id='word_1_77' title='bbox 1229 1416 1273 1483; x_wconf 83' lang='lat' dir='ltr'>ad</span> <span class='ocrx_word' id='word_1_78' title='bbox 1300 1435 1335 1483; x_wconf 79' lang='lat' dir='ltr'>sa</span> 
     </span>
     <span class='ocr_line' id='line_1_11' title="bbox 206 1513 1335 1605; baseline -0.001 -18"><span class='ocrx_word' id='word_1_79' title='bbox 206 1519 305 1587; x_wconf 82' lang='lat' dir='ltr'>scribi</span> <span class='ocrx_word' id='word_1_80' title='bbox 339 1518 522 1605; x_wconf 87' lang='lat' dir='ltr'>permiserit</span> <span class='ocrx_word' id='word_1_81' title='bbox 556 1537 698 1582; x_wconf 89' lang='lat' dir='ltr'>summus</span> <span class='ocrx_word' id='word_1_82' title='bbox 733 1513 897 1599; x_wconf 90' lang='lat' dir='ltr'>dominus,</span> <span class='ocrx_word' id='word_1_83' title='bbox 938 1515 973 1581; x_wconf 91' lang='lat' dir='ltr'>in</span> <span class='ocrx_word' id='word_1_84' title='bbox 1008 1515 1149 1582; x_wconf 89' lang='lat' dir='ltr'>omnium</span> <span class='ocrx_word' id='word_1_85' title='bbox 1183 1519 1335 1586; x_wconf 89' lang='lat' dir='ltr'>manibus</span> 
     </span>
     <span class='ocr_line' id='line_1_12' title="bbox 205 1626 386 1691; baseline -0.017 -1"><span class='ocrx_word' id='word_1_86' title='bbox 205 1626 386 1691; x_wconf 81' lang='lat' dir='ltr'>versantur.</span> 
     </span>
    </p>

    <p class='ocr_par' dir='ltr' id='par_1_3' title="bbox 207 1719 1409 2738">
     <span class='ocr_line' id='line_1_13' title="bbox 292 1719 1337 1810; baseline -0.001 -18"><span class='ocrx_word' id='word_1_87' title='bbox 292 1725 405 1810; x_wconf 88' lang='lat' dir='ltr'>Neque</span> <span class='ocrx_word' id='word_1_88' title='bbox 439 1722 544 1789; x_wconf 91' lang='lat' dir='ltr'>minus</span> <span class='ocrx_word' id='word_1_89' title='bbox 572 1720 713 1788; x_wconf 82' lang='lat' dir='ltr'>dilucide</span> <span class='ocrx_word' id='word_1_90' title='bbox 741 1719 839 1788; x_wconf 85' lang='lat' dir='ltr'>Statii</span> <span class='ocrx_word' id='word_1_91' title='bbox 866 1719 944 1786; x_wconf 87' lang='lat' dir='ltr'>libri</span> <span class='ocrx_word' id='word_1_92' title='bbox 972 1721 1133 1789; x_wconf 89' lang='lat' dir='ltr'>dedicatio</span> <span class='ocrx_word' id='word_1_93' title='bbox 1161 1743 1219 1790; x_wconf 88' lang='lat' dir='ltr'>cur</span> <span class='ocrx_word' id='word_1_94' title='bbox 1246 1721 1337 1791; x_wconf 85' lang='lat' dir='ltr'>iacta</span> 
     </span>
     <span class='ocr_line' id='line_1_14' title="bbox 207 1823 1343 1912; baseline -0.003 -15"><span class='ocrx_word' id='word_1_95' title='bbox 207 1831 337 1898; x_wconf 89' lang='lat' dir='ltr'>sitnon</span> <span class='ocrx_word' id='word_1_96' title='bbox 358 1826 549 1912; x_wconf 90' lang='lat' dir='ltr'>imperatori</span> <span class='ocrx_word' id='word_1_97' title='bbox 570 1826 642 1910; x_wconf 84' lang='lat' dir='ltr'>ipsi,</span> <span class='ocrx_word' id='word_1_98' title='bbox 666 1824 724 1891; x_wconf 89' lang='lat' dir='ltr'>sed</span> <span class='ocrx_word' id='word_1_99' title='bbox 746 1823 860 1889; x_wconf 80' lang='lat' dir='ltr'>aulicis</span> <span class='ocrx_word' id='word_1_100' title='bbox 883 1825 958 1904; x_wconf 85' lang='lat' dir='ltr'>sive,</span> <span class='ocrx_word' id='word_1_101' title='bbox 980 1830 1020 1891; x_wconf 89' lang='lat' dir='ltr'>ut</span> <span class='ocrx_word' id='word_1_102' title='bbox 1040 1826 1159 1893; x_wconf 88' lang='lat' dir='ltr'>rectius</span> <span class='ocrx_word' id='word_1_103' title='bbox 1180 1826 1343 1910; x_wconf 79' lang='lat' dir='ltr'>dicamus,</span> 
     </span>
     <span class='ocr_line' id='line_1_15' title="bbox 207 1925 1337 2017; baseline -0.002 -17"><span class='ocrx_word' id='word_1_104' title='bbox 207 1933 264 2014; x_wconf 87' lang='lat' dir='ltr'>eis,</span> <span class='ocrx_word' id='word_1_105' title='bbox 287 1931 343 2016; x_wconf 92' lang='lat' dir='ltr'>qui</span> <span class='ocrx_word' id='word_1_106' title='bbox 365 1930 408 1996; x_wconf 94' lang='lat' dir='ltr'>ab</span> <span class='ocrx_word' id='word_1_107' title='bbox 430 1929 507 1996; x_wconf 90' lang='lat' dir='ltr'>aula</span> <span class='ocrx_word' id='word_1_108' title='bbox 528 1930 732 1996; x_wconf 85' lang='lat' dir='ltr'>recesserant</span> <span class='ocrx_word' id='word_1_109' title='bbox 753 1925 806 2007; x_wconf 87' lang='lat' dir='ltr'>(cf.</span> <span class='ocrx_word' id='word_1_110' title='bbox 829 1926 903 1994; x_wconf 87' lang='lat' dir='ltr'>diss.</span> <span class='ocrx_word' id='word_1_111' title='bbox 925 1926 1099 2011; x_wconf 82' lang='lat' dir='ltr'>Ruedigeri</span> <span class='ocrx_word' id='word_1_112' title='bbox 1120 1951 1151 2014; x_wconf 90' lang='lat' dir='ltr'>p.</span> <span class='ocrx_word' id='word_1_113' title='bbox 1171 1931 1234 2017; x_wconf 82' lang='lat'>32),</span> <span class='ocrx_word' id='word_1_114' title='bbox 1256 1951 1337 2015; x_wconf 88' lang='lat' dir='ltr'>prae</span> 
     </span>
     <span class='ocr_line' id='line_1_16' title="bbox 209 2028 1338 2119; baseline -0.002 -17"><span class='ocrx_word' id='word_1_115' title='bbox 209 2056 244 2102; x_wconf 91' lang='lat' dir='ltr'>se</span> <span class='ocrx_word' id='word_1_116' title='bbox 265 2034 384 2100; x_wconf 85' lang='lat' dir='ltr'>lerunt</span> <span class='ocrx_word' id='word_1_117' title='bbox 427 2031 466 2097; x_wconf 91' lang='lat' dir='ltr'>ln</span> <span class='ocrx_word' id='word_1_118' title='bbox 487 2029 688 2116; x_wconf 80' lang='lat' dir='ltr'>praelatione</span> <span class='ocrx_word' id='word_1_119' title='bbox 708 2030 799 2095; x_wconf 87' lang='lat' dir='ltr'>tertii</span> <span class='ocrx_word' id='word_1_120' title='bbox 816 2028 974 2096; x_wconf 84' lang='lat' dir='ltr'>Silvarum</span> <span class='ocrx_word' id='word_1_121' title='bbox 990 2029 1067 2097; x_wconf 93' lang='lat' dir='ltr'>libri</span> <span class='ocrx_word' id='word_1_122' title='bbox 1084 2031 1220 2098; x_wconf 83' lang='lat' dir='ltr'>Polliam</span> <span class='ocrx_word' id='word_1_123' title='bbox 1238 2035 1338 2119; x_wconf 88' lang='lat' dir='ltr'>quen·</span> 
     </span>
     <span class='ocr_line' id='line_1_17' title="bbox 209 2133 1409 2222; baseline -0.002 -17"><span class='ocrx_word' id='word_1_124' title='bbox 209 2138 282 2204; x_wconf 89' lang='lat' dir='ltr'>dam</span> <span class='ocrx_word' id='word_1_125' title='bbox 310 2140 421 2222; x_wconf 80' lang='lat' dir='ltr'>rogat:</span> <span class='ocrx_word' id='word_1_126' title='bbox 439 2135 522 2201; x_wconf 82' lang='lat' dir='ltr'>-baa&#39;c</span> <span class='ocrx_word' id='word_1_127' title='bbox 543 2135 717 2219; x_wconf 60' lang='lat' dir='ltr'>praem</span> <span class='ocrx_word' id='word_1_128' title='bbox 744 2133 848 2200; x_wconf 75' lang='lat' dir='ltr'>decla</span> <span class='ocrx_word' id='word_1_129' title='bbox 872 2133 1002 2216; x_wconf 61' lang='lat' dir='ltr'>faceta,</span> <span class='ocrx_word' id='word_1_130' title='bbox 1031 2155 1115 2220; x_wconf 90' lang='lat' dir='ltr'>quae</span> <span class='ocrx_word' id='word_1_131' title='bbox 1143 2155 1257 2220; x_wconf 88' lang='lat' dir='ltr'>preces</span> <span class='ocrx_word' id='word_1_132' title='bbox 1278 2137 1337 2203; x_wconf 90' lang='lat' dir='ltr'>inr-</span> <span class='ocrx_word' id='word_1_133' title='bbox 1397 2186 1409 2212; x_wconf 62' lang='lat'>,</span> 
     </span>
     <span class='ocr_line' id='line_1_18' title="bbox 209 2235 1338 2328; baseline 0.002 -22"><span class='ocrx_word' id='word_1_134' title='bbox 209 2240 324 2328; x_wconf 91' lang='lat' dir='ltr'>primis</span> <span class='ocrx_word' id='word_1_135' title='bbox 353 2239 483 2324; x_wconf 87' lang='lat' dir='ltr'>quidem</span> <span class='ocrx_word' id='word_1_136' title='bbox 511 2241 661 2321; x_wconf 91' lang='lat' dir='ltr'>spectant</span> <span class='ocrx_word' id='word_1_137' title='bbox 688 2235 731 2302; x_wconf 91' lang='lat' dir='ltr'>ad</span> <span class='ocrx_word' id='word_1_138' title='bbox 756 2256 857 2302; x_wconf 88' lang='lat' dir='ltr'>unum</span> <span class='ocrx_word' id='word_1_139' title='bbox 882 2236 980 2304; x_wconf 90' lang='lat' dir='ltr'>huius</span> <span class='ocrx_word' id='word_1_140' title='bbox 1004 2236 1082 2305; x_wconf 85' lang='lat' dir='ltr'>libri</span> <span class='ocrx_word' id='word_1_141' title='bbox 1103 2259 1240 2322; x_wconf 87' lang='lat' dir='ltr'>carmen,</span> <span class='ocrx_word' id='word_1_142' title='bbox 1269 2241 1338 2323; x_wconf 90' lang='lat' dir='ltr'>sed,</span> 
     </span>
     <span class='ocr_line' id='line_1_19' title="bbox 209 2340 1339 2429; baseline -0.001 -18"><span class='ocrx_word' id='word_1_143' title='bbox 209 2349 248 2411; x_wconf 90' lang='lat' dir='ltr'>nt</span> <span class='ocrx_word' id='word_1_144' title='bbox 270 2343 475 2429; x_wconf 81' lang='lat' dir='ltr'>cognoscitur</span> <span class='ocrx_word' id='word_1_145' title='bbox 492 2340 591 2409; x_wconf 79' lang='lat' dir='ltr'>verbo</span> <span class='ocrx_word' id='word_1_146' title='bbox 606 2342 782 2424; x_wconf 66' lang='lat' dir='ltr'>praedm,</span> <span class='ocrx_word' id='word_1_147' title='bbox 800 2345 905 2406; x_wconf 83' lang='lat' dir='ltr'>tolum</span> <span class='ocrx_word' id='word_1_148' title='bbox 921 2340 1042 2407; x_wconf 89' lang='lat' dir='ltr'>librum</span> <span class='ocrx_word' id='word_1_149' title='bbox 1058 2342 1182 2409; x_wconf 86' lang='lat' dir='ltr'>tutelae</span> <span class='ocrx_word' id='word_1_150' title='bbox 1199 2343 1339 2416; x_wconf 83' lang='lat' dir='ltr'>fautoris</span> 
     </span>
     <span class='ocr_line' id='line_1_20' title="bbox 209 2442 1339 2534; baseline -0.001 -21"><span class='ocrx_word' id='word_1_151' title='bbox 209 2445 432 2514; x_wconf 90' lang='lat' dir='ltr'>commendare</span> <span class='ocrx_word' id='word_1_152' title='bbox 466 2445 607 2512; x_wconf 89' lang='lat' dir='ltr'>student.</span> <span class='ocrx_word' id='word_1_153' title='bbox 659 2443 755 2509; x_wconf 86' lang='lat' dir='ltr'>Haud</span> <span class='ocrx_word' id='word_1_154' title='bbox 789 2442 1002 2510; x_wconf 84' lang='lat' dir='ltr'>dissimilibus</span> <span class='ocrx_word' id='word_1_155' title='bbox 1031 2444 1139 2512; x_wconf 81' lang='lat' dir='ltr'>verbis</span> <span class='ocrx_word' id='word_1_156' title='bbox 1167 2444 1339 2534; x_wconf 84' lang='lat' dir='ltr'>praefatur</span> 
     </span>
     <span class='ocr_line' id='line_1_21' title="bbox 208 2547 1339 2634; baseline 0 -17"><span class='ocrx_word' id='word_1_157' title='bbox 208 2549 294 2617; x_wconf 90' lang='lat' dir='ltr'>libro</span> <span class='ocrx_word' id='word_1_158' title='bbox 324 2553 442 2634; x_wconf 82' lang='lat' dir='ltr'>quarto</span> <span class='ocrx_word' id='word_1_159' title='bbox 471 2547 615 2615; x_wconf 89' lang='lat' dir='ltr'>eiusdem</span> <span class='ocrx_word' id='word_1_160' title='bbox 644 2547 768 2631; x_wconf 85' lang='lat' dir='ltr'>operis:</span> <span class='ocrx_word' id='word_1_161' title='bbox 798 2547 882 2615; x_wconf 73' lang='lat' dir='ltr'>brac</span> <span class='ocrx_word' id='word_1_162' title='bbox 896 2554 1008 2615; x_wconf 50' lang='lat' dir='ltr'>¹circaea</span> <span class='ocrx_word' id='word_1_163' title='bbox 1031 2547 1147 2616; x_wconf 72' lang='lat' dir='ltr'>diram</span> <span class='ocrx_word' id='word_1_164' title='bbox 1168 2555 1213 2632; x_wconf 86' lang='lat' dir='ltr'>ta,</span> <span class='ocrx_word' id='word_1_165' title='bbox 1244 2550 1339 2618; x_wconf 83' lang='lat' dir='ltr'>Mar·</span> 
     </span>
     <span class='ocr_line' id='line_1_22' title="bbox 208 2653 469 2738; baseline -0.011 -16"><span class='ocrx_word' id='word_1_166' title='bbox 208 2655 292 2735; x_wconf 81' lang='lat' dir='ltr'>cede,</span> <span class='ocrx_word' id='word_1_167' title='bbox 314 2653 469 2738; x_wconf 74' lang='lat' dir='ltr'>defendes.</span> 
     </span>
    </p>

    <p class='ocr_par' dir='ltr' id='par_1_4' title="bbox 210 2753 1340 3357">
     <span class='ocr_line' id='line_1_23' title="bbox 295 2753 1340 2841; baseline -0.001 -18"><span class='ocrx_word' id='word_1_168' title='bbox 295 2755 426 2824; x_wconf 81' lang='lat' dir='ltr'>Flavius</span> <span class='ocrx_word' id='word_1_169' title='bbox 442 2753 611 2841; x_wconf 74' lang='lat' dir='ltr'>Vopiscus,</span> <span class='ocrx_word' id='word_1_170' title='bbox 629 2773 740 2819; x_wconf 89' lang='lat' dir='ltr'>rerum</span> <span class='ocrx_word' id='word_1_171' title='bbox 761 2753 980 2819; x_wconf 86' lang='lat' dir='ltr'>Romanarum</span> <span class='ocrx_word' id='word_1_172' title='bbox 1001 2755 1149 2839; x_wconf 89' lang='lat' dir='ltr'>scriptor,</span> <span class='ocrx_word' id='word_1_173' title='bbox 1169 2755 1340 2840; x_wconf 88' lang='lat' dir='ltr'>hominem,</span> 
     </span>
     <span class='ocr_line' id='line_1_24' title="bbox 211 2857 1340 2938; baseline -0.002 -11"><span class='ocrx_word' id='word_1_174' title='bbox 211 2860 302 2927; x_wconf 90' lang='lat' dir='ltr'>cuius</span> <span class='ocrx_word' id='word_1_175' title='bbox 337 2879 454 2926; x_wconf 92' lang='lat' dir='ltr'>nomen</span> <span class='ocrx_word' id='word_1_176' title='bbox 488 2877 555 2924; x_wconf 93' lang='lat' dir='ltr'>non</span> <span class='ocrx_word' id='word_1_177' title='bbox 588 2862 789 2938; x_wconf 82' lang='lat' dir='ltr'>asservatur,</span> <span class='ocrx_word' id='word_1_178' title='bbox 822 2857 916 2924; x_wconf 91' lang='lat' dir='ltr'>initio</span> <span class='ocrx_word' id='word_1_179' title='bbox 950 2857 1036 2923; x_wconf 83' lang='lat' dir='ltr'>vitae</span> <span class='ocrx_word' id='word_1_180' title='bbox 1068 2857 1141 2924; x_wconf 87' lang='lat' dir='ltr'>Divi</span> <span class='ocrx_word' id='word_1_181' title='bbox 1173 2857 1340 2926; x_wconf 79' lang='lat' dir='ltr'>Aureliani</span> 
     </span>
     <span class='ocr_line' id='line_1_25' title="bbox 210 2959 1340 3050; baseline -0.004 -18"><span class='ocrx_word' id='word_1_182' title='bbox 210 2967 306 3050; x_wconf 80' lang='lat' dir='ltr'>rogat</span> <span class='ocrx_word' id='word_1_183' title='bbox 335 2969 373 3044; x_wconf 91' lang='lat' dir='ltr'>(c.</span> <span class='ocrx_word' id='word_1_184' title='bbox 404 2966 485 3049; x_wconf 77' lang='lat' dir='ltr'>ls·)²</span> <span class='ocrx_word' id='word_1_185' title='bbox 522 2967 557 3028; x_wconf 84' lang='lat' dir='ltr'>ta</span> <span class='ocrx_word' id='word_1_186' title='bbox 584 2959 677 3026; x_wconf 78' lang='lat' dir='ltr'>veum</span> <span class='ocrx_word' id='word_1_187' title='bbox 704 2979 771 3025; x_wconf 84' lang='lat' dir='ltr'>mcc</span> <span class='ocrx_word' id='word_1_188' title='bbox 798 2961 924 3027; x_wconf 73' lang='lat' dir='ltr'>manae</span> <span class='ocrx_word' id='word_1_189' title='bbox 950 2960 1023 3026; x_wconf 79' lang='lat' dir='ltr'>boui</span> <span class='ocrx_word' id='word_1_190' title='bbox 1055 2963 1211 3029; x_wconf 77' lang='lat' dir='ltr'>consulas.</span> <span class='ocrx_word' id='word_1_191' title='bbox 1264 2962 1340 3029; x_wconf 90' lang='lat' dir='ltr'>Plu·</span> 
     </span>
     <span class='ocr_line' id='line_1_26' title="bbox 210 3061 1340 3151; baseline 0 -17"><span class='ocrx_word' id='word_1_192' title='bbox 210 3069 311 3134; x_wconf 88' lang='lat' dir='ltr'>rimae</span> <span class='ocrx_word' id='word_1_193' title='bbox 341 3071 451 3133; x_wconf 89' lang='lat' dir='ltr'>autem</span> <span class='ocrx_word' id='word_1_194' title='bbox 477 3064 563 3132; x_wconf 83' lang='lat' dir='ltr'>vitae</span> <span class='ocrx_word' id='word_1_195' title='bbox 592 3061 788 3147; x_wconf 87' lang='lat' dir='ltr'>scriptorum</span> <span class='ocrx_word' id='word_1_196' title='bbox 815 3061 970 3129; x_wconf 87' lang='lat' dir='ltr'>historiae</span> <span class='ocrx_word' id='word_1_197' title='bbox 998 3065 1173 3151; x_wconf 78' lang='lat' dir='ltr'>Augustae,</span> <span class='ocrx_word' id='word_1_198' title='bbox 1203 3085 1340 3151; x_wconf 89' lang='lat' dir='ltr'>quorum</span> 
     </span>
     <span class='ocr_line' id='line_1_27' title="bbox 210 3164 1339 3253; baseline -0.001 -16"><span class='ocrx_word' id='word_1_199' title='bbox 210 3191 295 3237; x_wconf 88' lang='lat' dir='ltr'>unus</span> <span class='ocrx_word' id='word_1_200' title='bbox 317 3174 368 3237; x_wconf 87' lang='lat' dir='ltr'>est</span> <span class='ocrx_word' id='word_1_201' title='bbox 388 3168 558 3253; x_wconf 87' lang='lat' dir='ltr'>Vopiscus,</span> <span class='ocrx_word' id='word_1_202' title='bbox 580 3164 829 3250; x_wconf 87' lang='lat' dir='ltr'>imperatoribus</span> <span class='ocrx_word' id='word_1_203' title='bbox 850 3165 1053 3237; x_wconf 84' lang='lat' dir='ltr'>Diocletiano</span> <span class='ocrx_word' id='word_1_204' title='bbox 1075 3172 1109 3234; x_wconf 89' lang='lat' dir='ltr'>et</span> <span class='ocrx_word' id='word_1_205' title='bbox 1127 3168 1339 3238; x_wconf 80' lang='lat' dir='ltr'>Constantino</span> 
     </span>
     <span class='ocr_line' id='line_1_28' title="bbox 211 3257 676 3357; baseline -0.009 -19"><span class='ocrx_word' id='word_1_206' title='bbox 211 3291 332 3340; x_wconf 88' lang='lat' dir='ltr'>morem</span> <span class='ocrx_word' id='word_1_207' title='bbox 353 3277 478 3357; x_wconf 82' lang='lat' dir='ltr'>gerunt.</span> <span class='ocrx_word' id='word_1_208' title='bbox 675 3257 676 3266; x_wconf 64' lang='grc'>’</span> 
     </span>
    </p>

    <p class='ocr_par' dir='ltr' id='par_1_5' title="bbox 199 3370 1342 3768">
     <span class='ocr_line' id='line_1_29' title="bbox 298 3370 1341 3460; baseline 0.001 -19"><span class='ocrx_word' id='word_1_209' title='bbox 298 3374 427 3442; x_wconf 84' lang='lat' dir='ltr'>Servius</span> <span class='ocrx_word' id='word_1_210' title='bbox 451 3373 640 3440; x_wconf 85' lang='lat' dir='ltr'>Honoratus</span> <span class='ocrx_word' id='word_1_211' title='bbox 662 3370 907 3438; x_wconf 89' lang='lat' dir='ltr'>centimetrc</span> <span class='ocrx_word' id='word_1_212' title='bbox 936 3372 1133 3456; x_wconf 86' lang='lat' dir='ltr'>praemittit,</span> <span class='ocrx_word' id='word_1_213' title='bbox 1161 3396 1228 3460; x_wconf 86' lang='lat' dir='ltr'>qua</span> <span class='ocrx_word' id='word_1_214' title='bbox 1251 3375 1341 3444; x_wconf 89' lang='lat' dir='ltr'>dedi·</span> 
     </span>
     <span class='ocr_line' id='line_1_30' title="bbox 199 3474 1341 3563; baseline -0.002 -16"><span class='ocrx_word' id='word_1_215' title='bbox 199 3477 300 3548; x_wconf 66' lang='lat' dir='ltr'>catio</span> <span class='ocrx_word' id='word_1_216' title='bbox 322 3476 529 3563; x_wconf 79' lang='lat' dir='ltr'>significetur,</span> <span class='ocrx_word' id='word_1_217' title='bbox 552 3474 726 3561; x_wconf 85' lang='lat' dir='ltr'>epistulam</span> <span class='ocrx_word' id='word_1_218' title='bbox 744 3474 839 3560; x_wconf 89' lang='lat' dir='ltr'>quasi</span> <span class='ocrx_word' id='word_1_219' title='bbox 857 3479 1034 3551; x_wconf 86' lang='lat' dir='ltr'>tumentem</span> <span class='ocrx_word' id='word_1_220' title='bbox 1051 3475 1203 3545; x_wconf 89' lang='lat' dir='ltr'>laudibus</span> <span class='ocrx_word' id='word_1_221' title='bbox 1220 3478 1341 3562; x_wconf 81' lang='lat' dir='ltr'>albini,</span> 
     </span>
     <span class='ocr_line' id='line_1_31' title="bbox 212 3570 1342 3664; baseline 0.001 -16"><span class='ocrx_word' id='word_1_222' title='bbox 212 3581 256 3649; x_wconf 90' lang='lat' dir='ltr'>ad</span> <span class='ocrx_word' id='word_1_223' title='bbox 279 3601 372 3664; x_wconf 90' lang='lat' dir='ltr'>quem</span> <span class='ocrx_word' id='word_1_224' title='bbox 394 3580 524 3662; x_wconf 87' lang='lat' dir='ltr'>scribit,</span> <span class='ocrx_word' id='word_1_225' title='bbox 547 3586 580 3646; x_wconf 91' lang='lat' dir='ltr'>et</span> <span class='ocrx_word' id='word_1_226' title='bbox 597 3578 795 3646; x_wconf 87' lang='lat' dir='ltr'>adulationis</span> <span class='ocrx_word' id='word_1_227' title='bbox 813 3578 953 3662; x_wconf 90' lang='lat' dir='ltr'>pretium</span> <span class='ocrx_word' id='word_1_228' title='bbox 970 3580 1201 3664; x_wconf 86' lang='lat' dir='ltr'>postulantem:</span> <span class='ocrx_word' id='word_1_229' title='bbox 1224 3570 1342 3649; x_wconf 71' lang='lat' dir='ltr'>lebmid</span> 
     </span>
     <span class='ocr_line' id='line_1_32' title="bbox 211 3684 612 3768; baseline -0.01 -16"><span class='ocrx_word' id='word_1_230' title='bbox 211 3687 273 3752; x_wconf 82' lang='lat' dir='ltr'>mci</span> <span class='ocrx_word' id='word_1_231' title='bbox 292 3684 387 3751; x_wconf 80' lang='lat' dir='ltr'>aelim</span> <span class='ocrx_word' id='word_1_232' title='bbox 405 3685 517 3768; x_wconf 74' lang='lat' dir='ltr'>faveas</span> <span class='ocrx_word' id='word_1_233' title='bbox 537 3687 612 3750; x_wconf 72' lang='lat' dir='ltr'>aab.</span> 
     </span>
    </p>

    <p class='ocr_par' dir='ltr' id='par_1_6' title="bbox 296 3784 1342 3873">
     <span class='ocr_line' id='line_1_33' title="bbox 296 3784 1342 3873; baseline 0 -19"><span class='ocrx_word' id='word_1_234' title='bbox 296 3785 476 3854; x_wconf 87' lang='lat' dir='ltr'>Modestius</span> <span class='ocrx_word' id='word_1_235' title='bbox 494 3786 606 3853; x_wconf 90' lang='lat' dir='ltr'>bacin</span> <span class='ocrx_word' id='word_1_236' title='bbox 623 3805 660 3852; x_wconf 87' lang='lat' dir='ltr'>re</span> <span class='ocrx_word' id='word_1_237' title='bbox 678 3805 712 3851; x_wconf 87' lang='lat' dir='ltr'>se</span> <span class='ocrx_word' id='word_1_238' title='bbox 730 3790 847 3871; x_wconf 84' lang='lat' dir='ltr'>gerunt</span> <span class='ocrx_word' id='word_1_239' title='bbox 864 3784 981 3852; x_wconf 87' lang='lat' dir='ltr'>Graeci</span> <span class='ocrx_word' id='word_1_240' title='bbox 999 3785 1180 3872; x_wconf 87' lang='lat' dir='ltr'>scriptores,</span> <span class='ocrx_word' id='word_1_241' title='bbox 1204 3807 1342 3873; x_wconf 88' lang='lat' dir='ltr'>quorum</span> 
     </span>
    </p>
   </div>
   <div class='ocr_carea' id='block_1_3' title="bbox 83 3887 1340 3975">
    <p class='ocr_par' dir='ltr' id='par_1_7' title="bbox 83 3887 1340 3975">
     <span class='ocr_line' id='line_1_34' title="bbox 83 3887 1340 3975; baseline -0.002 -18"><span class='ocrx_word' id='word_1_242' title='bbox 83 3948 87 3957; x_wconf 88' lang='lat'><em>.</em></span> <span class='ocrx_word' id='word_1_243' title='bbox 210 3911 276 3957; x_wconf 93' lang='lat' dir='ltr'>non</span> <span class='ocrx_word' id='word_1_244' title='bbox 297 3890 394 3975; x_wconf 92' lang='lat' dir='ltr'>pauci</span> <span class='ocrx_word' id='word_1_245' title='bbox 415 3887 666 3974; x_wconf 85' lang='lat' dir='ltr'>imperatoribus</span> <span class='ocrx_word' id='word_1_246' title='bbox 688 3888 841 3955; x_wconf 85' lang='lat' dir='ltr'>Romanis</span> <span class='ocrx_word' id='word_1_247' title='bbox 862 3889 987 3955; x_wconf 88' lang='lat' dir='ltr'>fructus</span> <span class='ocrx_word' id='word_1_248' title='bbox 1015 3889 1165 3955; x_wconf 89' lang='lat' dir='ltr'>laborum</span> <span class='ocrx_word' id='word_1_249' title='bbox 1192 3890 1340 3959; x_wconf 86' lang='lat' dir='ltr'>offerunt.</span> 
     </span>
    </p>
   </div>
   <div class='ocr_carea' id='block_1_4' title="bbox 211 3991 1349 4480">
    <p class='ocr_par' dir='ltr' id='par_1_8' title="bbox 211 3991 1349 4079">
     <span class='ocr_line' id='line_1_35' title="bbox 211 3991 1349 4079; baseline 0 -19"><span class='ocrx_word' id='word_1_250' title='bbox 211 3995 247 4060; x_wconf 75' lang='lat' dir='ltr'>a</span> <span class='ocrx_word' id='word_1_251' title='bbox 271 4015 300 4079; x_wconf 76' lang='lat' dir='ltr'>g.</span> <span class='ocrx_word' id='word_1_252' title='bbox 324 3993 492 4079; x_wconf 89' lang='lat' dir='ltr'>Oppianus</span> <span class='ocrx_word' id='word_1_253' title='bbox 514 3993 716 4072; x_wconf 84' lang='lat' dir='ltr'>Antoninum</span> <span class='ocrx_word' id='word_1_254' title='bbox 742 3991 873 4056; x_wconf 88' lang='lat' dir='ltr'>adfatus</span> <span class='ocrx_word' id='word_1_255' title='bbox 901 3991 973 4075; x_wconf 88' lang='lat' dir='ltr'>ipsc</span> <span class='ocrx_word' id='word_1_256' title='bbox 1001 3991 1132 4058; x_wconf 90' lang='lat' dir='ltr'>heroico</span> <span class='ocrx_word' id='word_1_257' title='bbox 1154 3998 1276 4079; x_wconf 86' lang='lat' dir='ltr'>metro,</span> <span class='ocrx_word' id='word_1_258' title='bbox 1304 3998 1349 4060; x_wconf 81' lang='lat' dir='ltr'>ut&#39;·</span> 
     </span>
    </p>

    <p class='ocr_par' dir='ltr' id='par_1_9' title="bbox 211 4093 1341 4181">
     <span class='ocr_line' id='line_1_36' title="bbox 211 4093 1341 4181; baseline 0 -17"><span class='ocrx_word' id='word_1_259' title='bbox 211 4097 383 4164; x_wconf 85' lang='lat' dir='ltr'>elationem</span> <span class='ocrx_word' id='word_1_260' title='bbox 405 4101 438 4163; x_wconf 91' lang='lat' dir='ltr'>st</span> <span class='ocrx_word' id='word_1_261' title='bbox 459 4095 744 4181; x_wconf 77' lang='lat' dir='ltr'>exaggerationem</span> <span class='ocrx_word' id='word_1_262' title='bbox 766 4093 907 4161; x_wconf 89' lang='lat' dir='ltr'>orationi</span> <span class='ocrx_word' id='word_1_263' title='bbox 929 4093 1109 4178; x_wconf 86' lang='lat' dir='ltr'>adhiberet,</span> <span class='ocrx_word' id='word_1_264' title='bbox 1131 4099 1262 4163; x_wconf 78' lang='lat' dir='ltr'>coaeum</span> <span class='ocrx_word' id='word_1_265' title='bbox 1281 4102 1341 4164; x_wconf 82' lang='lat' dir='ltr'>est</span> 
     </span>
    </p>

    <p class='ocr_par' dir='ltr' id='par_1_10' title="bbox 212 4196 1341 4284">
     <span class='ocr_line' id='line_1_37' title="bbox 212 4196 1341 4284; baseline 0.002 -17"><span class='ocrx_word' id='word_1_266' title='bbox 212 4201 366 4267; x_wconf 80' lang='lat' dir='ltr'>Romame</span> <span class='ocrx_word' id='word_1_267' title='bbox 382 4199 533 4266; x_wconf 88' lang='lat' dir='ltr'>relictum</span> <span class='ocrx_word' id='word_1_268' title='bbox 555 4203 626 4266; x_wconf 88' lang='lat' dir='ltr'>arat</span> <span class='ocrx_word' id='word_1_269' title='bbox 642 4197 686 4264; x_wconf 91' lang='lat' dir='ltr'>ad</span> <span class='ocrx_word' id='word_1_270' title='bbox 703 4197 923 4266; x_wconf 86' lang='lat' dir='ltr'>foedissimam</span> <span class='ocrx_word' id='word_1_271' title='bbox 941 4196 1162 4265; x_wconf 87' lang='lat' dir='ltr'>adulationem</span> <span class='ocrx_word' id='word_1_272' title='bbox 1179 4199 1341 4284; x_wconf 75' lang='lat' dir='ltr'>progredi</span> 
     </span>
    </p>

    <p class='ocr_par' dir='ltr' id='par_1_11' title="bbox 214 4300 1343 4480">
     <span class='ocr_line' id='line_1_38' title="bbox 214 4300 1343 4388; baseline 0.003 -20"><span class='ocrx_word' id='word_1_273' title='bbox 214 4301 316 4384; x_wconf 81' lang='lat' dir='ltr'>Quid,</span> <span class='ocrx_word' id='word_1_274' title='bbox 348 4302 434 4387; x_wconf 89' lang='lat' dir='ltr'>qnod</span> <span class='ocrx_word' id='word_1_275' title='bbox 456 4301 611 4387; x_wconf 76' lang='lat' dir='ltr'>Vegetius</span> <span class='ocrx_word' id='word_1_276' title='bbox 640 4302 733 4388; x_wconf 85' lang='lat' dir='ltr'>quasi</span> <span class='ocrx_word' id='word_1_277' title='bbox 761 4300 904 4368; x_wconf 89' lang='lat' dir='ltr'>delirans</span> <span class='ocrx_word' id='word_1_278' title='bbox 932 4301 1063 4368; x_wconf 89' lang='lat' dir='ltr'>ineunte</span> <span class='ocrx_word' id='word_1_279' title='bbox 1090 4304 1258 4388; x_wconf 86' lang='lat' dir='ltr'>epitoma</span> <span class='ocrx_word' id='word_1_280' title='bbox 1286 4305 1343 4372; x_wconf 89' lang='lat' dir='ltr'>rei</span> 
     </span>
     <span class='ocr_line' id='line_1_39' title="bbox 1153 4423 1189 4480; baseline 0 -19"><span class='ocrx_word' id='word_1_281' title='bbox 1153 4423 1189 4480; x_wconf 72' lang='lat'>2*</span> 
     </span>
    </p>
   </div>
   <div class='ocr_carea' id='block_1_5' title="bbox 0 0 1712 5150">
    <p class='ocr_par' dir='ltr' id='par_1_12' title="bbox 0 0 1712 5150">
     <span class='ocr_line' id='line_1_40' title="bbox 0 0 1712 5150; baseline 0 0"><span class='ocrx_word' id='word_1_282' title='bbox 0 0 1712 5150; x_wconf 95' lang='lat' dir='ltr'> </span> 
     </span>
    </p>
   </div>
  </div>
 </body>
</html>
