3392 5150
251 630 295 700 M.'
317 630 449 702 Aurelio
471 630 646 719 discipulo,
672 629 782 699 iuveni
808 630 912 715 regio,
943 628 998 715 qui
1026 629 1163 700 moleste
1193 630 1271 699 tulit
1296 629 1382 700 hanc

250 759 319 805 rem
341 737 437 822 plane
460 757 480 802 a
501 757 535 802 se
556 736 710 820 ignorari.
1406 818 1409 826 Ι

299 879 305 918 ,
336 841 415 921 Quis
445 841 581 927 Aquilae
608 839 755 907 Romano
789 839 995 927 imperaverit
1029 860 1111 927 opus
1145 838 1192 908 de
1226 839 1378 926 figuris

251 945 554 1014 sententiarum
577 949 676 1032 atque
698 943 859 1030 acceperit
844 943 1048 1012 tnescimus.

335 1048 562 1131 Terentianus,
605 1048 729 1116 Plotius
759 1046 931 1128 Sacerdos,
975 1046 1095 1113 Atilius
1125 1047 1378 1118 Fortunatianus

251 1172 325 1219 cum
347 1153 457 1221 amicis
479 1153 719 1221 communicant
740 1151 919 1220 doctrinam
940 1157 1127 1218 metrorum.

335 1255 515 1343 Scriptores
542 1259 680 1344 denique
700 1256 858 1324 historiae
879 1259 1045 1340 Augustae
1066 1256 1257 1344 plerumque
1278 1256 1377 1341 impe·

217 1392 222 1402 ·
248 1360 420 1444 ratoribus,
443 1362 500 1448 qui
521 1382 613 1430 resa
635 1360 859 1449 superioribus
879 1359 1074 1428 Caesaribus
1096 1365 1205 1445 gestas
1220 1378 1286 1425 uno
1304 1378 1378 1425 con·

248 1467 360 1548 spectu
382 1485 576 1551 cognoscere
595 1466 716 1548 volunt,
739 1465 921 1533 studiorum
942 1464 1067 1532 fructus
1088 1463 1236 1532 offerunt.

332 1570 372 1635 In
410 1591 542 1638 numero
580 1570 740 1638 librorum
777 1569 993 1637 institutionis
1028 1589 1127 1636 eausa
1155 1567 1378 1634 dedicatorum

246 1670 346 1738 turba
367 1675 509 1740 occurrit
529 1672 689 1742 librorum
706 1694 728 1740 a
743 1673 939 1758 patribus
961 1671 1012 1739 ad
1033 1669 1153 1738 filios
1171 1670 1378 1758 scriptorum,

248 1794 330 1857 quos
356 1775 420 1843 hac
447 1777 521 1863 ipsa
543 1777 583 1844 de
611 1798 712 1846 causa
739 1776 803 1845 huc
830 1777 994 1863 pertinere
1021 1773 1219 1863 putabimus,
1247 1775 1377 1842 etiamsi

245 1897 309 1944 non
331 1865 517 1946 accuratius
537 1880 781 1967 inspexerimus.
825 1880 908 1948 Nam
924 1880 979 1946 vix
1000 1878 1152 1946 credibile
1173 1877 1264 1944 aliud
1281 1897 1377 1963 agere

246 1987 374 2067 patrem
394 1981 462 2050 filio
484 1980 604 2048 librum
625 1988 877 2070 nuncupantem,
900 1982 963 2050 nisi
983 1987 1021 2048 ut
1042 2002 1116 2048 eum
1138 1981 1281 2063 edoceat,
1303 2003 1376 2047 cnm

215 2085 219 2094 '
246 2082 314 2149 alia
336 2105 375 2151 ex
395 2089 500 2171 parte,
523 2087 551 2151 si
572 2086 786 2154 invenerimus
804 2106 885 2173 opus
903 2107 924 2152 a
942 2084 1009 2153 filio
1033 2085 1124 2172 patri
1143 2089 1377 2167 consecratum,

248 2188 361 2255 statim
384 2188 427 2256 ad
448 2192 662 2258 reverentiam
681 2190 928 2276 significandam
946 2195 980 2255 et
996 2189 1031 2255 in
1047 2187 1201 2255 honorem
1218 2187 1376 2274 genitoris

203 2333 205 2338 -
246 2309 316 2358 esse
349 2291 472 2361 factam
506 2293 744 2362 dedicationem
778 2294 1000 2362 existimemus
1035 2285 1090 2377 (11.
1127 2292 1307 2360 Germanici
1341 2293 1376 2359 in

245 2393 414 2463 Arateis
434 2396 535 2463 verba
554 2417 583 2464 1.
609 2403 627 2464 3
652 2399 696 2466 Te
715 2419 853 2478 11111111,
875 2398 1049 2465 1111111111
1067 2397 1161 2482 fero).
1404 2477 1408 2486 Ι

329 2498 453 2566 Horum
472 2520 599 2586 quoque
619 2502 814 2586 scriptorum
833 2501 914 2589 (scil.
934 2501 990 2583 qui
1008 2499 1050 2566 ad
1063 2498 1148 2566 filios
1161 2501 1375 2588 scripserunt)

243 2602 390 2689 plerique
418 2604 665 2688 quaestionibus
693 2605 941 2694 responderunt.
986 2604 1031 2671 Ut
1053 2605 1198 2691 exempla
1219 2603 1376 2672 nonnulla

242 2704 456 2791 proferamus,
485 2708 603 2776 Graeci
624 2709 856 2791 Artemidorus,
883 2707 1087 2789 Plutarchus,
1115 2706 1289 2789 Romanus,
1317 2708 1375 2794 qui

243 2807 370 2876 Graeca
402 2813 508 2878 utitur
541 2811 665 2898 lingua,
694 2815 848 2881 Annaeus
877 2799 1040 2880 Cornutus
1075 2816 1372 2905 commemorentur.

242 2911 464 2982 Artemidorus
481 2914 584 2983 libros
602 2912 834 3005 daemonorium
850 2915 926 2983 inde
940 2937 960 2982 a
974 2920 1092 2999 quarto
1106 2914 1174 2982 filio
1186 2914 1313 2995 acribia
1331 2913 1373 2984 cl.

242 3015 286 3082 IV
302 3037 457 3101 prooem?
475 3021 550 3108 ὑπὲρ
568 3051 599 3089 τε
612 3020 749 3106 daueros
767 3029 817 3090 nai
834 3047 889 3090 σου
874 3015 1055 3109 ωρμήθην
1068 3024 1118 3088 ἐπὶ
1130 3015 1187 3108 τήν
1199 3015 1376 3118 1111111φῆ11

243 3125 332 3190 rovds
353 3150 407 3191 του
393 3120 596 3208 ’β’βιβλίου
580 3153 658 3206 οπως
678 3125 716 3194 dr
738 3153 814 3219 εχης
834 3134 900 3192 κτλ.

329 3224 528 3292 Autobulum
563 3232 597 3294 11
630 3227 842 3294 Plutarchum
878 3225 964 3294 111101
998 3235 1066 3313 περὶ
1099 3225 1154 3313 τῆς
1187 3231 1219 3294 ἒν
1252 3230 1374 3321 Τιμαίῳ

241 3333 426 3416 ψυχογονίας
447 3331 604 3398 certiores
625 3329 705 3399 iacit
721 3329 926 3412 Plutarchus,
948 3351 1055 3416 neque
1076 3331 1183 3396 minus
1205 3330 1248 3396 ad
1269 3330 1374 3415 philo·

242 3430 389 3518 sophiam
416 3438 544 3519 spectat
570 3435 697 3502 Annaei
720 3434 854 3504 Cornuti
875 3431 1005 3501 libellus
1035 3441 1185 3524 1111111111
1212 3441 1273 3502 τῶν
1293 3432 1374 3502 θεῶν

136 3523 140 3534 ’
242 3535 368 3622 φύσεως.
402 3534 464 3615 Qui
481 3558 541 3604 nos
559 3538 756 3606 traducitad
769 3541 941 3606 Romanos.
976 3537 1094 3605 Statim
1113 3535 1373 3620 antiquissimum

241 3638 422 3722 exemplum
456 3639 671 3709 dedicationis
705 3640 793 3731 apud
827 3644 988 3710 Romame
1023 3639 1131 3708 factae
1165 3641 1220 3706 hic
1252 3639 1373 3721 iustum

240 3741 347 3810 locum
377 3748 477 3827 tenet,
508 3744 642 3813 Catonis
672 3751 849 3833 praecepta
877 3745 921 3814 ad
948 3743 1066 3826 filium,
1089 3743 1199 3828 quae·
1215 3742 1372 3812 feruntur.

240 3845 366 3912 Livium
394 3846 534 3934 epistula
562 3847 605 3915 ad
633 3847 735 3917 filium
763 3850 844 3916 data
871 3848 919 3916 de
948 3847 1175 3916 excolendo
1204 3853 1373 3916 oratore

240 3948 434 4018 disseruisse
451 3950 609 4020 traditum
627 3957 679 4018 est
700 3951 753 4033 (11.
773 3952 905 4033 Quintil.
928 3951 984 4034 XI,
1005 3952 1068 4036 39).
1112 3951 1150 4017 ln
1171 3971 1265 4018 usum
1287 3971 1371 4018 com·

239 4052 379 4139 plurium
412 4051 553 4122 filiorum
588 4055 839 4124 elaboraverunt
867 4054 990 4124 Seneca
1017 4055 1050 4124 X
1075 4055 1178 4122 libros
1206 4060 1371 4146 contro-

240 4157 468 4225 versiarum
496 4158 670 4227 oboediens
697 4160 840 4241 Novato,
878 4158 997 4242 Melae,
1028 4159 1184 4239 Senecae,
1212 4158 1371 4227 Asconius
1412 4168 1414 4174 '

240 4259 403 4329 Pedianus
446 4262 683 4330 orationum
719 4261 935 4330 Ciceronis
983 4263 1163 4348 quinque
1199 4269 1371 4330 enarra·

240 4365 407 4450 tionem,
446 4367 502 4456 qui
529 4372 568 4435 ut
602 4367 734 4437 nomina
769 4373 922 4436 natorum
956 4367 1085 4436 silentio
1120 4365 1296 4458 praeterit,
1323 4367 1372 4438 ita
