3392 5150
803 455 824 524 9
896 419 901 433 .

248 671 332 737 quae
366 648 542 718 norissima
568 647 688 714 litteris
716 647 896 728 mandarit,
931 645 1052 714 fautori
1080 647 1233 718 benevolo
1258 647 1375 732 mittit3

247 754 451 821 dedicatione
467 756 734 819 remuneratur
751 772 832 832 eum,
851 753 906 838 qui
924 751 988 819 sibi
1004 773 1138 819 munera
1151 754 1262 839 aliqua
1273 752 1376 820 dedit.

334 855 500 924 Vitruvius
527 878 554 923 e.
585 876 614 940 g.
643 856 677 921 in
707 854 912 940 praefatione
941 857 1037 941 primi
1065 856 1142 923 libri
1170 876 1204 925 se
1233 859 1376 942 beneficio

247 961 419 1046 obligatum
453 959 643 1045 imperatori
679 959 797 1026 librum
834 959 958 1028 donare
1002 960 1106 1032 docet
1169 960 1238 1028 Iam
1276 981 1375 1044 supra

249 1061 460 1130 censorinum
485 1068 579 1149 grato
603 1063 710 1131 animo
732 1063 950 1149 gratulantem
972 1065 1023 1131 die
1045 1063 1152 1131 natali
1174 1065 1376 1148 cognovimus

248 1164 302 1250 (cf.
326 1188 352 1236 c.
380 1173 394 1236 l
424 1170 472 1235 ita
500 1188 561 1254 ego,
593 1191 614 1234 ο
639 1187 700 1252 qao
722 1168 826 1251 phara
852 1171 888 1234 ic
916 1169 1029 1236 litteus
1051 1171 1190 1253 pareri,
1218 1168 1275 1234 toi
1301 1168 1377 1235 baec

246 1273 362 1357 aalma
378 1273 475 1338 reddo
492 1272 672 1355 labamine.)
713 1269 823 1339 cicero
843 1272 900 1358 (ad
916 1271 994 1340 iam.
1011 1272 1067 1355 IX,
1085 1273 1119 1357 8)
1137 1271 1180 1339 ad
1202 1269 1376 1338 Varronem

144 1445 149 1452 ,
247 1367 370 1441 scribit
389 1376 429 1441 de
458 1375 644 1442 dedicandis
666 1376 942 1443 Academicis:
972 1377 1006 1442 in
1035 1375 1143 1442 animo
1166 1396 1200 1443 se
1222 1374 1377 1442 habuisse

245 1498 310 1544 non
337 1477 427 1562 prius
457 1479 487 1543 ei
514 1476 633 1544 librum
662 1479 809 1560 mittere,
844 1499 943 1562 quam
970 1481 1040 1563 ipse
1068 1478 1110 1546 ab
1139 1499 1177 1545 eo
1206 1477 1377 1563 acceperit,

246 1581 371 1647 scilicet
404 1587 442 1648 ut
473 1601 601 1665 possea
638 1587 667 1648 te
696 1585 897 1648 reatorem
923 1604 1020 1666 quam
1049 1582 1210 1648 simitbmo
1236 1602 1373 1648 maaca

246 1686 447 1771 Quemquam
477 1686 572 1751 aliter
594 1706 648 1752 res
670 1685 776 1752 evenit
796 1686 853 1767 ita,
881 1688 920 1751 ut
942 1686 1054 1754 Oieero
1076 1686 1166 1772 prior
1185 1683 1377 1752 Academica

243 1790 399 1870 mitteret,
429 1788 547 1874 quibus
569 1787 712 1871 acceptis
735 1787 847 1870 Varro,
877 1810 949 1855 oum
970 1790 1037 1857 iam
1059 1811 1153 1855 suum
1179 1793 1267 1856 esset
1298 1790 1376 1856 emi·

243 1911 317 1959 cum
344 1892 559 1974 remunerari,
586 1889 687 1958 libros
715 1892 755 1957 de
776 1891 919 1978 lingua
939 1892 1089 1959 Latina
1116 1892 1191 1959 inde
1218 1914 1239 1959 a
1262 1892 1376 1978 quinto

244 1995 335 2063 dedit
356 1994 514 2062 Ciceroni.

329 2099 449 2165 Poetae
476 2097 660 2165 fautoribus
687 2100 824 2184 gratiam
852 2100 996 2165 referunt
1023 2099 1219 2167 carminibus
1240 2098 1375 2181 oblatis,
1419 2131 1421 2136 ,

245 2203 334 2269 euius
372 2202 422 2268 rei
461 2195 656 2286 exemplum
681 2203 725 2268 sit
760 2201 931 2288 Vergilius,
973 2206 1028 2290 qui
1065 2203 1248 2270 Maecenati
1286 2201 1376 2270 dieat

244 2307 446 2392 Georgica
478 2307 558 2386 sive,
587 2306 622 2372 id
659 2305 745 2390 quod
776 2305 911 2391 legimus
942 2309 1028 2392 apud
1057 2309 1219 2374 Donatum
1247 2307 1281 2371 in
1309 2307 1377 2371 rita

243 2411 378 2497 Vergilii
400 2415 457 2476 20:
487 2410 585 2477 edidit
611 2413 646 2476 ta
673 2411 821 2477 bonorem
846 2411 1052 2478 Maecenatis.
1097 2411 1180 2477 Nam
1209 2415 1244 2477 et
1268 2408 1374 2476 verbis

241 2515 362 2584 Donati
383 2519 417 2581 et
438 2512 633 2581 allocutione
649 2513 849 2581 Maecenatis
867 2515 955 2601 apud
973 2515 1147 2601 Vergilium
1169 2514 1206 2596 (I,
1229 2517 1257 2578 2.
1277 2513 1332 2595 IV,
1353 2517 1372 2578 2

241 2623 325 2707 sqq.)
349 2618 584 2685 dedicationem
608 2617 784 2704 significari
805 2639 996 2704 persuasum
1018 2619 1132 2700 habeo,
1151 2638 1256 2703 neque
1277 2616 1373 2684 aliter
1425 2659 1428 2666 ·

242 2726 342 2791 sentit
369 2721 542 2789 Teuffeliue
573 2720 727 2804 (Gesch.
757 2721 788 2790 d.
818 2724 910 2787 rdm.
938 2721 1012 2788 Lit
1044 2727 1105 2788 227
1128 2743 1159 2807 p.
1182 2726 1270 2801 489),
1300 2739 1372 2786 cum

242 2828 345 2894 dicat:
383 2827 461 2908 „das
485 2826 690 2910 Leluqede'cbt
719 2826 827 2893 warde
855 2826 956 2893 deret
985 2826 1156 2892 Maecenas
1183 2824 1371 2904 vacuasse,

241 2934 308 3000 aad
335 2931 469 2999 letalem
495 2930 687 3015 garriebam.
731 2929 813 2996 Item
837 2931 963 2996 eeteros
985 2935 1112 3017 poetas,
1142 2950 1224 3015 quos
1245 2928 1371 2994 Maece·

241 3042 345 3116 nates,
375 3033 544 3116 Messalae,
573 3034 628 3099 alii
652 3034 772 3100 cneum
794 3055 829 3100 ee
851 3033 1057 3118 colligebant,
1085 3033 1242 3118 imprimis
1265 3030 1371 3098 fauto-
1488 3087 1491 3094 .

239 3140 331 3207 ribus
366 3140 509 3205 carmina
544 3137 708 3205 devovisse
742 3137 936 3223 putabimus.
990 3139 1026 3204 E.
1056 3158 1084 3222 g.
1116 3157 1200 3222 quae
1228 3134 1371 3221 Vergilio

242 3243 432 3311 asscribitur
460 3241 585 3323 Ciris,
614 3248 688 3310 orta
721 3242 808 3308 inter
836 3249 966 3326 poetae,
997 3242 1186 3328 quibuscum
1214 3239 1372 3307 Messalae

243 3352 314 3414 erat
341 3369 418 3414 usus
448 3352 482 3413 et
514 3349 727 3428 consuetudo,
762 3346 911 3414 dedicata
940 3353 990 3413 est
1018 3347 1085 3413 filio
1120 3343 1282 3412 Messalae
1317 3343 1370 3424 (ef.

242 3450 388 3518 Teuffelii
418 3449 558 3517 Geech.
581 3451 610 3516 d.
634 3455 726 3520 rdrn.
750 3453 825 3518 Lit.
848 3457 926 3532 230,
959 3456 987 3516 2.
1006 3453 1044 3539 ι),
1078 3447 1206 3516 Culex
1238 3446 1371 3514 Octavio

243 3552 297 3639 (ci.
320 3575 348 3618 v.
372 3559 400 3618 l.
423 3553 475 3638 8.).
870 3555 873 3562 ’

327 3655 386 3722 His
409 3675 491 3741 quae
513 3659 697 3724 enumeravi
718 3657 874 3745 exemplis
895 3658 1010 3742 Magi,
1031 3661 1070 3723 ut
1086 3658 1194 3742 gratia
1211 3657 1371 3723 referatur

241 3781 301 3846 pro
319 3758 412 3826 donis
429 3759 579 3845 acceptis,
596 3763 700 3845 primo
718 3763 814 3847 quasi
831 3762 948 3829 obtutu
966 3763 1116 3846 cognosci
1128 3765 1249 3846 potest3
1268 3758 1370 3824 Grae-

240 3885 354 3932 corum
376 3863 579 3946 scriptorum,
603 3864 660 3950 qui
681 3865 767 3931 idem
789 3870 944 3950 spectent,
967 3870 1100 3950 praesto
1122 3864 1200 3931 mihi
1218 3868 1370 3930 estuans

241 3966 460 4055 Apollodorus
475 3968 706 4049 Damascenue‚
724 3969 817 4036 cuius
831 3990 871 4036 ex
883 3969 990 4036 verbis
1004 3967 1130 4035 elucere
1147 3967 1227 4034 mihi
1242 3967 1370 4033 videtur

236 4087 323 4153 eum,
341 4091 437 4155 quem
450 4070 595 4155 appellat
611 4074 752 4154 δέσποτα,
769 4072 969 4138 remunerari
986 4072 1082 4155 velle;
1103 4070 1142 4138 cf.
1161 4068 1370 4158 πολοορκητικοί

242 4195 269 4242 c.
294 4176 328 4242 1:
356 4170 488 4263 α’νέγνων
515 4203 596 4256 cor),v
610 4179 756 4262 δέσποτα,
786 4172 847 4265 τήν
875 4182 941 4263 περὶ
969 4175 1029 4246 τῶν
1049 4177 1284 4266 μηχανημάτων
1305 4180 1369 4242 ἐπι·

243 4274 352 4366 oretria
373 4288 423 4348 καὶ
443 4278 588 4366 μακάριος
609 4285 755 4368 ἐγενόμην
776 4280 820 4350 ὅτι
841 4310 881 4367 με
902 4280 1075 4369 κοινωνῆσαι
1097 4283 1212 4370 ταύτης
1238 4307 1292 4349 σου
1316 4277 1370 4367 τῆς

243 4386 397 4473 φροντίδος
410 4421 412 4426 ·
425 4379 507 4467 ἄξιον
535 4384 651 4472 ἔκρινας
679 4435 686 4451 .
710 4434 718 4452 .
748 4389 872 4477 ποιήσας
901 4376 952 4456 οἷον
978 4437 986 4456 .
1010 4437 1048 4455 ..
1078 4389 1212 4476 ἔπεμψα.
1238 4383 1369 4468 γΝθᾳιιθ
