3392 5150
712 503 865 602 *ra-

123 761 128 772 ,
224 709 306 774 quae
335 693 459 757 veteres
488 690 661 776 scriptores
690 696 860 758 servarunt
888 690 928 758 de
957 688 1050 758 libris
1078 692 1120 759 ab
1149 691 1224 760 aliis
1251 689 1353 776 scrip·

222 793 349 860 toribus
371 792 542 862 dedicatis.

308 894 346 962 In
364 897 520 965 Nicandri
538 919 564 966 e.
582 919 611 984 g.
630 897 922 984 Alexipharmaoon
939 919 968 965 v.
986 900 1007 966 3
1026 900 1168 966 occurrit
1188 899 1354 967 vocativus

223 1001 415 1089 Πρωταγόρη
445 1001 537 1068 nullo
567 1019 677 1069 eorum
699 1001 884 1082 verborum,
914 1002 1033 1088 quibus
1056 1001 1218 1070 dedicatio
1240 1002 1354 1085 elucet,

223 1100 344 1169 addito.
380 1102 443 1171 Sed
464 1125 563 1190 prosp
570 1126 625 1172 ere
647 1105 776 1188 accidit,
797 1111 836 1172 ut
857 1105 953 1173 huius
974 1109 1131 1194 poematis
1154 1113 1284 1175 servata
1302 1108 1355 1189 sit,

224 1206 252 1271 si
273 1205 323 1272 ita
343 1206 451 1274 dicere
472 1208 556 1290 licet,
579 1213 769 1299 μετάφρασις
790 1209 832 1276 ab
854 1209 1012 1278 Eutecuio
1033 1210 1173 1297 quodam
1199 1209 1354 1296 perfecta,

223 1309 279 1393 qui
301 1309 381 1376 haec
402 1311 511 1379 docet:
533 1317 701 1397 Νίκανδρος
723 1314 856 1402 ἔγραψεν
875 1364 882 1379 .
958 1317 1118 1406 ποιήματα
1139 1313 1210 1396 δύο,
1235 1303 1277 1384 ὧν
1295 1364 1303 1380 .
1320 1365 1355 1381 ..

170 1450 172 1456 ·
222 1406 259 1480 ri
286 1412 427 1502 δεύτερον
448 1413 946 1505 ἑπιγέγραπται·Ἀλεξιφᾶρμακα,
975 1419 991 1487 d
1013 1429 1239 1506 προσφωνεῖ
1266 1425 1355 1506 Πρω-

223 1518 347 1608 ταγόρᾳ.
375 1515 482 1586 Verbo
508 1530 681 1609 προσφωνεῖ
696 1519 737 1587 de
754 1519 958 1588 dedicatione
978 1522 1171 1590 Eutecnium
1195 1520 1356 1608 cogitasse

222 1618 301 1687 mihi
323 1624 447 1688 certum
468 1621 516 1688 fit.

310 1723 472 1792 Athenaei
502 1725 715 1795 Naucratitae
746 1728 869 1814 operis,
905 1727 992 1813 quod
1022 1727 1212 1797 inscribitur
1242 1735 1356 1799 δειπνο-

223 1829 376 1918 συφιστής,
398 1829 483 1896 liber
499 1829 622 1915 primus
639 1851 705 1898 non
723 1837 873 1899 servatur
890 1832 953 1898 nisi
970 1832 1149 1899 breviorem
1165 1833 1201 1898 in
1217 1831 1356 1900 formam

223 1931 377 1999 redactus
407 1952 467 2017 per
498 1935 761 2020 epitomatorem,
796 1956 881 2020 quae
911 1936 1027 2003 summi
1056 1936 1155 2021 pretii
1186 1942 1253 2017 est,
1284 1957 1356 2002 cum

223 2036 361 2120 explicet
388 2057 453 2121 quo
482 2036 619 2104 consilio
649 2040 789 2123 scriptor
811 2038 845 2105 in
867 2039 1008 2106 exordiis
1031 2040 1172 2106 omnium
1198 2039 1356 2106 librorum

222 2139 297 2206 inde
319 2161 340 2206 a
361 2140 460 2206 tertio
479 2129 677 2225 ¹aliquotiens
695 2143 794 2208 etiam
811 2143 844 2208 in
863 2141 927 2207 fine
944 2141 1111 2228 repetierit
1129 2141 1356 2212 allocutionem

223 2234 459 2332 dentnpaug,
479 2247 579 2332 ἑταῖρε
596 2246 794 2332 Τιμόκρατες,
814 2243 932 2332 ἀνδρῶν
953 2242 1057 2335 ἄριστε
1082 2255 1161 2334 Τιμι
1186 2246 1356 2331 Epittlmae

223 2345 330 2413 verbis
359 2341 485 2417 nescitae
510 2352 542 2416 δὲ
564 2345 617 2416 τὸν
639 2347 727 2436 λόγον
749 2345 821 2439 noir
847 2351 1042 2438 Τιμοκράτην
1069 2347 1172 2416 libros
1200 2369 1270 2416 esse
1300 2348 1356 2416 de·

224 2452 346 2517 dicatos
369 2451 439 2518 sine
461 2450 560 2519 dubio
583 2451 732 2518 efficitur.

310 2543 422 2640 Neque
444 2555 663 2623 Romanorum
683 2555 746 2623 hac
768 2556 803 2621 in
825 2575 860 2621 re
883 2576 942 2640 ope
965 2554 1181 2623 destituimur.
1220 2555 1301 2628 Cato
1325 2558 1358 2622 et

225 2657 354 2724 Caelius
368 2659 565 2726 Aurelianus
589 2660 733 2727 medicus
758 2665 941 2745 temporum
958 2659 1073 2726 ordine
1090 2659 1144 2727 hic
1165 2661 1357 2745 scriptomm

223 2762 358 2829 anobis
379 2763 598 2850 inspectorum
620 2763 689 2830 iere
711 2763 860 2844 ultimus,
887 2762 944 2830 ille
971 2764 1095 2847 primns
1116 2769 1250 2850 praesto
1272 2768 1358 2840 sunt,

225 2866 357 2934 Catonis
378 2866 493 2947 verba,
524 2867 640 2953 quibus
668 2866 788 2935 librum
816 2867 864 2933 de
892 2868 1158 2952 agricultura
1184 2874 1217 2934 et
1239 2867 1359 2934 librum

224 2969 272 3036 de
293 2969 508 3038 rhetorica
525 2978 687 3057 coeperat,
705 2976 836 3038 servata
854 2977 944 3037 sunt:
966 2971 1023 3038 Vir
1040 2972 1147 3053 tonos,
1165 2971 1279 3038 Marco
1293 2971 1358 3055 pits}

224 3079 331 3142 motor
356 3081 416 3157 cet,
442 3075 556 3142 Marco
581 3077 639 3159 fili.
680 3075 743 3142 Sed
771 3095 812 3141 ex
840 3076 978 3142 aliorum
1006 3074 1134 3142 demum
1164 3077 1358 3162 scriptorum

225 3178 580 3246 commemorationibus
611 3177 651 3244 de
683 3178 887 3246 dedicatione
923 3178 1130 3262 cogitandum
1164 3200 1235 3245 esse
1270 3185 1358 3246 certo

225 3281 389 3363 discimus,
422 3279 521 3367 apud'
538 3282 676 3349 Nonium
714 3282 797 3348 enim
829 3284 943 3371 (¹43r)
975 3282 1058 3349 haec
1091 3303 1192 3367 opera
1222 3281 1359 3349 laudata

224 3385 402 3453 invenimus
420 3386 470 3453 his
488 3386 611 3452 verbis:
630 3392 803 3470 waccepto
825 3387 868 3452 od
889 3387 1001 3469 tilium,
1024 3387 1067 3452 od
1086 3387 1190 3469 fitium
1211 3385 1250 3452 de
1271 3389 1358 3470 apri-

224 3489 359 3572 collem,
381 3490 426 3558 od
444 3489 548 3573 pilium
569 3491 617 3556 val
634 3490 672 3556 de
693 3495 830 3570 crotera·
853 3486 894 3554 cf.
914 3487 952 3554 G.
971 3489 1006 3555 L.
1024 3489 1048 3570 Ι,
1068 3493 1182 3576 362,,;
1208 3489 1259 3558 Μ.
1283 3489 1359 3555 Octo

224 3593 268 3660 cd
287 3593 392 3676 filium
411 3593 460 3659 oet
481 3593 519 3659 do
536 3597 666 3658 oratore.
698 3585 827 3659 Gnatus
844 3590 1039 3659 Aurelianus
1056 3591 1196 3677 denique
1213 3592 1248 3657 in
1264 3613 1362 3676 prae·-

224 3694 348 3762 iatione
379 3699 593 3763 acutorum
622 3697 876 3781 passionum,
911 3697 966 3780 qui
997 3695 1075 3761 libri
1103 3697 1253 3780 inscripti
1282 3701 1359 3762 sunt

224 3799 360 3881 Bellico‚
388 3802 684 3885 interropottonuna
713 3799 838 3885 inquit,
870 3821 909 3867 oc
936 3820 1159 3884 responsorum
1181 3799 1301 3866 tetros.
1323 3849 1358 3867 ..

224 3904 412 3971 tommano
436 3905 480 3970 ool
498 3904 680 3970 Lucretium
703 3909 846 3972 nostum
864 3905 1060 3987 percomptos
1077 3905 1240 3971 destinavi.
1275 3903 1359 3970 Hinc

225 4027 352 4094 quoque
374 4007 527 4074 allocutio
549 4029 637 4074 mens
660 4009 789 4075 an‘roi
810 4007 918 4094 operis
941 4029 962 4074 a
984 4007 1091 4074 Caelio
1118 4001 1359 4074 commemorati

224 4111 316 4179 nobis
340 4115 470 4178 servata
491 4117 567 4196 apte
589 4111 783 4178 illustratur.

312 4217 401 4295 Quae
424 4236 497 4282 cnm
518 4216 566 4282 ita
588 4216 668 4297 sint,
696 4216 731 4281 in
759 4214 945 4281 universum
973 4213 1121 4299 profiteri
1146 4213 1240 4281 nobis
1261 4213 1358 4281 licere

224 4325 302 4403 puto
332 4322 428 4386 ctiam
451 4340 574 4387 meram
595 4321 823 4414 allocutionem
844 4318 938 4386 initio
959 4318 1115 4386 librorum
1136 4317 1186 4383 ita
1207 4318 1358 4406 positam,

225 4430 262 4497 ut
284 4423 324 4489 de
346 4423 547 4498 dedicatione
569 4425 652 4498 nihil
674 4424 847 4508 adiciatur,
870 4445 930 4518 pro
948 4421 1163 4500 dedicationis
1186 4427 1266 4490 nota
1287 4443 1359 4492 esse
