3392 5150
695 485 850 604 ΔΞ..
1139 593 1141 598 ,

210 682 360 772 Epistula
382 683 507 755 scilicet
528 682 658 756 tabellis
679 689 845 775 inscripta·
858 694 892 757 et
912 685 997 757 libro
1019 683 1132 759 addita
1149 709 1220 759 cum
1241 682 1337 761 facile

210 792 319 859 amitti
339 797 462 878 posset,
485 812 524 860 ca
545 791 659 874 verba,
682 793 799 877 quibus
822 795 942 860 certior
963 791 1036 861 fieri
1058 794 1264 880 debebatis,
1286 799 1337 865 cni

209 896 295 964 liber
315 895 520 979 mittebatur,
543 894 583 964 de
605 895 824 979 dedicatione,
852 896 916 982 ipsi
937 901 1197 968 commentationi
1217 899 1337 968 insere·

210 999 342 1067 bantur.
397 998 512 1086 Itaque
549 999 769 1085 praefationes
806 1001 887 1068 nihil
923 999 1014 1068 aliud
1052 1005 1201 1088 spectant
1236 1009 1337 1091 atque

211 1102 382 1188 apistulao3
416 1124 499 1188 quae
521 1104 564 1171 sit
586 1124 699 1183 causa,
728 1105 785 1188 qui
804 1103 877 1171 finis
899 1103 1129 1188 dedicationis,
1152 1125 1248 1192 quam
1266 1129 1338 1184 ¹rem

211 1206 454 1293 quoquomodo
477 1213 591 1274 auctor
612 1226 710 1292 agero
729 1207 817 1289 salit,
839 1214 873 1275 et
893 1209 928 1274 in
949 1210 1100 1294 epistulis
1122 1215 1157 1278 at
1180 1211 1215 1276 in
1244 1232 1338 1297 prae·

211 1310 389 1378 sationibus
418 1310 609 1396 plerumque
639 1311 819 1396 exponitur.
863 1311 976 1397 Neque
1004 1317 1113 1380 tamen
1141 1335 1195 1380 res
1222 1315 1272 1381 ita
1303 1337 1338 1382 se

211 1414 316 1495 habet,
329 1419 367 1479 ut
379 1409 639 1498 praefationibus
652 1415 809 1501 epistulae
822 1415 917 1500 plana
931 1417 1025 1499 quasi
1037 1415 1109 1483 loco
1123 1438 1181 1484 suo
1191 1418 1339 1485 demotae

213 1518 290 1599 sint,
320 1518 377 1584 sed
405 1519 554 1585 omnibns
582 1517 781 1602 temporibus
809 1516 885 1584 libri
913 1518 1074 1586 dedicatio
1103 1521 1169 1588 sire
1196 1521 1339 1607 epistula

213 1622 276 1687 sive
298 1622 462 1707 prooemio
484 1619 738 1705 significabatur.

296 1723 465 1791 Nonnullis
487 1725 641 1809 exemplis
663 1744 731 1790 rem
754 1723 855 1808 magis
876 1722 1084 1796 illustremus.

223 1857 225 1864 ·
296 1829 425 1911 integra
446 1827 589 1914 epistula
610 1848 636 1896 e.
660 1849 690 1914 g.
715 1828 856 1893 occurrit
882 1826 977 1894 initio
999 1828 1134 1895 Luciani
1161 1831 1253 1914 libri,
1282 1831 1339 1916 qui

210 1931 399 1999 inscribitur
415 1939 557 2018 Νιγρῖνος
573 1932 672 2019 Nasoi
689 1933 854 2020 φιλοσόφον
870 1926 975 2018 ἤθους,
995 1951 1066 1996 cum
1084 1932 1220 2017 incipiat
1232 1935 1339 2002 verbis

212 2038 377 2114 Λουκιανὸς
412 2039 546 2128 Νιγρίνῳ
581 2026 615 2103 οὗ
650 2034 791 2123 πράττειν
833 2055 937 2118 neque
979 2055 1043 2100 non
1086 2034 1208 2102 habeat
1244 2036 1339 2124 finem
1403 2025 1407 2032 ¹

212 2138 424 2226 epistularum
468 2137 714 2205 usitatissimum
759 2139 879 2225 ἔρρωσο.
937 2137 1049 2222 Neque
1092 2141 1197 2205 minus
1240 2140 1341 2208 Flavii

212 2237 403 2309 Philostrati
432 2240 539 2326 operi,
568 2241 620 2307 cui
649 2241 766 2307 titulus
795 2245 847 2307 est
874 2243 935 2325 βίοι
957 2240 1116 2329 σοφιστῶν,
1145 2247 1243 2328 atque
1265 2244 1340 2310 lulii

212 2343 355 2412 Pollucis
385 2349 539 2411 anteeant
567 2344 667 2411 verba
695 2343 729 2410 in
759 2341 898 2410 formam
929 2343 1086 2429 epistulae
1116 2344 1265 2414 redacta:
1296 2351 1340 2444 τῷ

213 2448 418 2542 λαμπροτάτῳ
439 2443 545 2542 indeq)
561 2443 711 2542 Ἀντωνίῳ
730 2455 760 2516 Γ
758 2445 885 2541 ορὸιανῷ
902 2447 1035 2534 Φλάβιος
1052 2448 1257 2536 Φιλόστρατος
1330 2506 1338 2522 .

212 2541 323 2639 ἔρρωσο
340 2555 537 2640 Μονσηγέτα,
552 2547 671 2632 Ἰούλιος
689 2551 883 2640 Πολυδεύκης
901 2554 1060 2647 Κομμόδῳ
1074 2557 1208 2640 Καίσαρι
1224 2560 1342 2643 χαίρειν

305 2657 417 2742 ἔρρωσο
437 2659 525 2744 κύριε.

298 2777 514 2843 Romanorum
542 2795 569 2844 e.
592 2795 623 2860 g.
652 2779 690 2842 A.
715 2773 841 2841 Hirtius
872 2779 1022 2841 octavum
1050 2775 1153 2843 belli
1184 2775 1340 2845 Gallici

139 2879 141 2886 ’
211 2879 331 2947 librum
357 2879 461 2946 mittit
488 2879 606 2959 Balbo,
635 2878 782 2945 Donatus
812 2881 1074 2946 commentarium
1101 2881 1136 2946 in
1163 2880 1339 2966 Vergilium

214 2983 426 3069 compositum
454 2980 618 3064 Munatio,
649 3002 722 3048 cum
750 2981 964 3048 dedicationis
993 2987 1104 3050 notam
1132 2984 1340 3068 praemittant

213 3087 368 3173 epistulas
395 3089 450 3171 (A.
474 3086 603 3154 Hirtiae
625 3081 731 3152 Balbo
756 3086 817 3152 sot.
841 3135 850 3154 .
871 3136 906 3152 ..
935 3085 1014 3152 cale.
1049 3125 1092 3136 -
1120 3089 1269 3154 Doaotm
1300 3089 1352 3159 L.-

216 3191 369 3258 Manotic
390 3190 451 3258 sol.
471 3238 477 3252 .
498 3244 505 3258 .
525 3241 533 3256 .
554 3190 635 3257 octe.
663 3187 704 3254 cf.
723 3187 880 3276 Philolog.
902 3188 1008 3254 XXIV
1028 3192 1110 3270 154).

232 3373 234 3378 ,
298 3311 407 3396 Atque
430 3311 458 3377 si
479 3330 637 3397 exponere
659 3313 789 3396 oportet
810 3310 889 3395 quid
909 3310 1040 3376 intersit
1065 3309 1152 3375 inter
1179 3309 1340 3394 epistulae

213 3420 246 3482 ct
266 3412 479 3500 praefationis
507 3415 658 3496 formam,
687 3413 728 3480 de
756 3412 898 3499 epistula
924 3412 1095 3480 dicendum
1123 3433 1196 3480 esse
1221 3415 1340 3498 putavi,

214 3518 243 3584 si
277 3518 446 3602 inscriptio
481 3517 609 3604 legatur
643 3517 729 3585 huno
762 3517 798 3582 in
831 3516 961 3584 modum
1000 3519 1191 3601 composita:
1235 3518 1340 3584 Gaius

214 3622 299 3688 Iulio
320 3623 379 3688 sot.
402 3621 452 3687 sal
474 3627 589 3710 χαίρειν
611 3621 661 3687 vel
682 3613 718 3691 ai
739 3625 897 3711 πράττειν,
920 3622 1048 3688 etiamsi
1075 3640 1230 3705 persaepe
1258 3620 1341 3688 illud

213 3725 404 3792 concludens
425 3725 495 3791 vole
526 3726 577 3791 vel
605 3725 716 3812 ἔρρωσο
744 3725 964 3808 desideretur,
991 3727 1029 3789 ut
1050 3722 1139 3808 apud
1159 3723 1340 3808 Ampelium

213 3984 361 4052 evolveret,
384 3981 512 4052 cognosci
530 3981 652 4036 deberet
689 3981 823 4036 Martialis
842 3986 871 4036 et
887 3980 968 4035 Statii
984 3979 1133 4049 prooemia,
1155 3996 1225 4048 quae
1243 3980 1341 4035 eodem

209 4071 296 4126 'modo
309 4087 342 4132 ac
359 4068 467 4138 Polybii
480 4085 542 4122 cum
555 4067 695 4124 volumine
713 4068 797 4122 fnisse
815 4068 962 4122 coniuncta
978 4066 1119 4120 existimat
1135 4065 1238 4119 Birtius
1256 4065 1298 4136 (ct
1312 4083 1339 4134 p.

214 4161 264 4213 142
281 4161 375 4212 annet.
389 4156 424 4226 3),
442 4158 508 4210 sunt
524 4154 658 4224 epistulas
676 4154 703 4225 (i.
722 4171 745 4208 e.
763 4155 880 4208 tbrtasse
897 4154 996 4206 missae
1014 4156 1046 4206 ut
1062 4169 1117 4206 una
1134 4168 1197 4206 eum
1214 4151 1341 4220 exemplo

214 4243 406 4311 dedicationis,
424 4241 464 4295 ita
486 4243 628 4310 separatae
646 4258 663 4294 a
679 4239 838 4310 volumine),
856 4242 937 4307 atque
954 4237 1104 4294 verisimile
1121 4241 1164 4292 cst
1181 4254 1213 4292 aa
1230 4237 1342 4291 demum

213 4329 286 4387 facts
303 4328 425 4383 omnium
443 4321 633 4396 exemplorum
651 4325 773 4381 editions
790 4325 858 4394 ipsis
875 4325 1060 4380 voluminibus
1079 4339 1138 4378 essa
1152 4323 1268 4393 inserta,
1286 4340 1341 4392 quc
1431 4313 1434 4320 ’

213 4414 317 4469 factum
335 4417 385 4484 est,
403 4417 435 4468 nt
452 4420 531 4470 οοονο
549 4413 668 4468 ordinem
684 4413 848 4482 popinam
865 4415 983 4470 exstent.

1171 4516 1187 4568 3
