3392 5150
654 427 809 526 „33³-

169 615 254 681 hunc
281 613 380 680 finem
404 615 454 680 bis
476 613 582 679 verbis
602 632 682 696 prae
704 632 739 677 se
767 611 877 677 ferunt
910 612 1052 699 διάγω),
1079 611 1212 700 δηλόωῦ
1241 641 1296 693 σοι,

168 719 371 786 meminimus
398 736 458 784 nos
486 735 585 800 supra
611 715 699 801 apud
719 721 833 800 poetas
855 714 974 780 similia
995 714 1113 799 legere.
1156 716 1297 782 Dedica-

168 822 289 889 tionem
305 842 365 908 pro
382 821 467 887 dono
482 819 628 887 habitam
641 839 715 885 esse
727 817 910 886 ostenditur
920 817 1028 885 verbis
1045 825 1138 905 δῶρον
1150 820 1298 907 δίδωμδ),

169 925 264 1014 δῶρον
285 925 484 1014 προσφέρω),
506 926 711 1012 δαίνατίθημι
733 920 950 1010 (Plutarchum
972 919 1014 986 cf.
1036 943 1067 1007 p.
1091 926 1168 1012 613).

255 1028 377 1095 Deinde
389 1028 452 1106 bis,
466 1028 522 1111 qui
534 1028 666 1106 donant,
684 1046 747 1108 eos,
765 1026 807 1093 cd
821 1045 903 1111 quos
916 1025 1073 1108 scribunt,
1087 1031 1125 1092 ut
1137 1027 1299 1113 accipiant

172 1131 300 1217 donum,
329 1132 559 1199 adhortantur:
588 1135 798 1218 πραγματείαν
825 1132 995 1218 προσδέχου
1022 1129 1128 1214 (Dion.
1155 1130 1228 1196 Hal.
1257 1130 1298 1196 de

173 1255 200 1303 c.
229 1258 255 1302 v.
286 1237 314 1317 1,
342 1234 398 1302 ubi
426 1233 569 1301 fortasse
597 1233 713 1300 melius
740 1233 869 1317 legatur
895 1234 1090 1322 παραδέχου),
1119 1237 1211 1322 δέχου
1239 1229 1300 1323 τήν

172 1339 291 1427 αἴτησιν
312 1337 485 1426 (Eusebius
508 1330 695 1426 Εὖαγγιλικὴ
717 1333 896 1418 αἷπόδειξιςΙ
915 1336 963 1423 l),
984 1336 1041 1404 ubi
1061 1326 1161 1403 verbo
1179 1337 1300 1425 αἴτησιν

172 1442 340 1508 edocemur
367 1441 542 1509 Eusebium
570 1461 690 1507 morem
718 1460 830 1525 gerere
855 1439 1007 1524 precibus
1029 1439 1110 1522 eius,
1140 1440 1183 1508 ad
1205 1461 1300 1527 quem

170 1544 291 1613 scribit.
350 1544 445 1624 Quod
478 1545 557 1610 item
591 1544 697 1611 verbis
732 1545 837 1612 elucet
870 1542 1001 1629 losephi
1034 1539 1207 1614 ἀποδιδόναι
1244 1540 1301 1633 τήν

168 1643 349 1737 ἅναγραφήν
361 1648 442 1734 (vita
453 1647 584 1732 losepbi
598 1668 624 1714 o.
640 1653 680 1714 76
694 1645 772 1728 fin),
790 1647 877 1730 quod
890 1652 943 1714 sat
956 1651 1108 1714 accurate
1125 1649 1300 1733 respondet

120 1815 122 1818 .
167 1752 287 1818 Latino
317 1749 502 1817 reddere.
544 1747 716 1838 Ἐφωδίασά
746 1777 793 1820 σοι
827 1749 914 1835 apud
944 1771 1043 1816 unum
1069 1751 1300 1837 Apollodorum

168 1853 402 1922 Damascenum
419 1853 539 1939 legitur
558 1853 780 1942 (πολιορκητικά
796 1852 874 1942 pri.)
913 1852 1019 1920 Semel
1035 1853 1124 1940 apud
1142 1854 1300 1924 Galenum

169 1957 233 2045 (cd.
255 1957 353 2024 Kiibn
376 1957 414 2023 V.
435 1961 503 2044 3¹¹)
525 1957 613 2045 διήξω
635 1983 696 2036 σοι,
726 1956 764 2023 cf.
785 1956 872 2024 infra
891 1957 1042 2024 Latinum
1068 1977 1299 2043 percurram.

255 2061 344 2126 Haec
364 2060 433 2126 fere
454 2080 495 2126 ex
515 2061 596 2147 ipsis
619 2059 815 2127 Graecorum
835 2059 931 2128 libris
952 2081 1100 2148 promere
1125 2063 1300 2147 potuimus,

169 2163 235 2229 iam
257 2163 419 2229 Romanos
440 2163 475 2229 in
498 2168 705 2248 conspectum
726 2183 886 2232 vocemus.
929 2163 1050 2230 Earum
1081 2163 1300 2248 formularum,

170 2287 252 2350 quas
269 2265 487 2334 adhibuerunt
503 2271 628 2352 poetae,
645 2287 709 2333 non
728 2266 862 2334 afferam
879 2267 941 2334 nisi
958 2287 1026 2346 eas,
1049 2268 1180 2351 quaein
1198 2271 1300 2336 orati-

170 2389 232 2435 one
253 2370 399 2457 pedestri
420 2390 485 2436 non
502 2369 665 2456 legantur.
700 2369 1005 2438 Memorabilissima
1023 2377 1100 2438 sunt
1118 2371 1300 2440 Germanici

170 2472 279 2558 verba,
303 2472 422 2558 quibus
444 2473 540 2540 offert
560 2475 650 2560 patri
672 2475 794 2543 Aratea
816 2477 858 2562 (v.
880 2476 930 2560 3):

456 2578 498 2644 Te
518 2599 656 2657 ναιαδν,
678 2579 736 2646 irbi
757 2599 853 2646 sacra
872 2579 950 2663 tero.

167 2679 402 2766 Imperatorem
416 2679 594 2765 alloquitur
607 2681 760 2750 Manilius
775 2703 912 2768 quoqne,
930 2682 986 2768 qui
999 2680 1114 2764 fertur,
1132 2683 1184 2751 his
1195 2685 1300 2752 verbis

167 2808 194 2855 v.
223 2791 241 2851 7
264 2803 351 2869 sqq:

298 2887 395 2954 Ηαιιτ
415 2887 494 2954 mebi
515 2893 574 2954 δα.
595 2935 628 2954 ..

296 2993 370 3057 Dus
390 2993 533 3058 ααδιαιιια
553 2993 696 3075 uiresque
714 2993 798 3077 facts
820 2992 864 3059 cd
885 2993 1146 3061 asarenam.

255 3092 389 3160 Ovidius
417 3093 453 3160 in
481 3095 589 3161 animo
617 3094 735 3162 habuit
763 3099 908 3180 Augusto
936 3097 1065 3163 mittere
1096 3097 1212 3179 fastos,
1242 3097 1301 3165 sed

166 3199 293 3280 exsilio,
322 3199 491 3282 quominus
519 3199 554 3265 id
582 3199 715 3284 faceret,
743 3201 934 3285 impeditum
963 3222 997 3267 se
1026 3221 1097 3268 esse
1127 3201 1231 3286 dolet;
1259 3202 1300 3268 ef.

168 3302 259 3370 Trist
279 3301 322 3382 11,
346 3307 408 3370 549
431 3325 517 3389 sqq:

297 3452 360 3472 ...
381 3411 435 3472 δαο
455 3427 558 3490 αιαια
578 3407 731 3491 serapim
752 3408 810 3474 eceb
831 3410 973 3490 ααιαδιια,Ι
994 3409 1123 3495 Cacsar,

297 3508 343 3576 Et
362 3510 420 3576 aba·
440 3515 604 3577 ιααναδιινι
625 3531 696 3578 sors
716 3533 787 3578 mcc
808 3515 897 3597 rupit
916 3533 1004 3598 opus.

254 3627 390 3696 Ausonii
399 3632 432 3696 et
440 3630 582 3698 Lucretii
591 3631 689 3700 verba
698 3653 738 3698 ex
746 3632 942 3701 carminibus
955 3633 1128 3720 desumpta
1141 3633 1299 3718 originem

168 3754 248 3821 prae
270 3753 305 3800 se
326 3731 436 3800 ferunt
458 3735 596 3802 διααναια
618 3736 662 3803 αδ
678 3737 748 3818 διδ),
764 3758 909 3824 parspere
925 3758 1019 3806 conor
1039 3737 1299 3823 maeatarum).

256 3924 275 3993 ¹)
292 3922 430 3977 Plutarch.
448 3922 494 3994 (cf.
512 3942 538 3994 p.
557 3926 591 3979 28
609 3942 673 3979 ann.
696 3927 738 3996 11)
757 3925 803 3980 fin.

255 4011 275 4080 ²)
293 4009 430 4063 Larianus
449 4013 581 4082 Nrypivoe
598 4010 651 4081 pri.
669 4010 793 4066 Padano.
812 4013 970 4084 Μακρόβιαι
987 4014 1029 4068 29.

255 4097 276 4166 ⁸)
294 4095 375 4150 Dion.
393 4094 454 4152 Hal.
474 4097 508 4150 de
526 4114 615 4166 comp.
632 4099 709 4151 verb.
728 4114 750 4151 c.
771 4101 794 4150 1.

255 4183 277 4253 ⁴)
295 4181 489 4239 Ps.·Lueianus
507 4181 664 4254 Μακρόβιοι
682 4199 705 4238 c.
724 4187 748 4241 l.

255 4269 277 4338 ὅ)
295 4269 380 4323 Liber
396 4270 583 4340 protrepticus
600 4269 637 4322 ad
654 4267 799 4338 Nepotem.

254 4355 275 4424 ⁸)
293 4355 335 4410 De
352 4371 446 4412 rerum
463 4359 519 4413 nat
538 4373 564 4411 v.
582 4357 616 4411 25
634 4370 694 4424 sqq.
