<?xml version="1.0" encoding="UTF-8"?>
<!DOCTYPE html PUBLIC "-//W3C//DTD XHTML 1.0 Transitional//EN"
    "http://www.w3.org/TR/xhtml1/DTD/xhtml1-transitional.dtd">
<html xmlns="http://www.w3.org/1999/xhtml" xml:lang="en" lang="en">
 <head>
  <title>
</title>
<meta http-equiv="Content-Type" content="text/html;charset=utf-8" />
  <meta name='ocr-system' content='tesseract 3.04.00' />
  <meta name='ocr-capabilities' content='ocr_page ocr_carea ocr_par ocr_line ocrx_word'/>
</head>
<body>
  <div class='ocr_page' id='page_1' title='image "./demorelibrosded00graegoog_0039.png"; bbox 0 0 3392 5150; ppageno 0'>
   <div class='ocr_carea' id='block_1_1' title="bbox 691 365 884 524">
    <p class='ocr_par' dir='ltr' id='par_1_1' title="bbox 691 365 884 524">
     <span class='ocr_line' id='line_1_1' title="bbox 691 365 884 524; baseline 0 -144"><span class='ocrx_word' id='word_1_1' title='bbox 691 428 846 524; x_wconf 45' lang='lat' dir='ltr'><strong><em>L</em></strong></span> <span class='ocrx_word' id='word_1_2' title='bbox 881 365 884 380; x_wconf 83' lang='lat'>‚</span> 
     </span>
    </p>
   </div>
   <div class='ocr_carea' id='block_1_2' title="bbox 204 610 1335 1010">
    <p class='ocr_par' dir='ltr' id='par_1_2' title="bbox 204 610 1335 1010">
     <span class='ocr_line' id='line_1_2' title="bbox 291 610 1334 684; baseline -0.006 0"><span class='ocrx_word' id='word_1_3' title='bbox 291 615 380 684; x_wconf 82' lang='lat' dir='ltr'><strong>Haeo</strong></span> <span class='ocrx_word' id='word_1_4' title='bbox 401 614 502 682; x_wconf 84' lang='lat' dir='ltr'><strong>rerba</strong></span> <span class='ocrx_word' id='word_1_5' title='bbox 529 618 567 681; x_wconf 89' lang='lat' dir='ltr'><strong>ut</strong></span> <span class='ocrx_word' id='word_1_6' title='bbox 596 613 755 681; x_wconf 80' lang='lat' dir='ltr'><strong>Graecum</strong></span> <span class='ocrx_word' id='word_1_7' title='bbox 783 610 958 683; x_wconf 70' lang='grc' dir='ltr'><strong><em>ἀνατιθέναι</em></strong></span> <span class='ocrx_word' id='word_1_8' title='bbox 986 615 1084 680; x_wconf 88' lang='lat' dir='ltr'><strong>etiam</strong></span> <span class='ocrx_word' id='word_1_9' title='bbox 1113 613 1265 680; x_wconf 70' lang='lat' dir='ltr'><strong>dicuntur</strong></span> <span class='ocrx_word' id='word_1_10' title='bbox 1293 611 1334 678; x_wconf 88' lang='lat' dir='ltr'><strong>de</strong></span> 
     </span>
     <span class='ocr_line' id='line_1_3' title="bbox 204 715 1333 803; baseline -0.003 -17"><span class='ocrx_word' id='word_1_11' title='bbox 204 721 394 787; x_wconf 88' lang='lat' dir='ltr'><strong>muneribus</strong></span> <span class='ocrx_word' id='word_1_12' title='bbox 415 720 465 786; x_wconf 85' lang='lat' dir='ltr'><strong>dis</strong></span> <span class='ocrx_word' id='word_1_13' title='bbox 486 719 590 798; x_wconf 84' lang='lat' dir='ltr'><strong>saetis,</strong></span> <span class='ocrx_word' id='word_1_14' title='bbox 618 739 702 803; x_wconf 85' lang='lat' dir='ltr'><strong>quae</strong></span> <span class='ocrx_word' id='word_1_15' title='bbox 724 717 859 784; x_wconf 82' lang='lat' dir='ltr'>similem</span> <span class='ocrx_word' id='word_1_16' title='bbox 876 717 940 784; x_wconf 85' lang='lat' dir='ltr'><strong>vim</strong></span> <span class='ocrx_word' id='word_1_17' title='bbox 956 715 1079 786; x_wconf 85' lang='lat' dir='ltr'><strong>habent</strong></span> <span class='ocrx_word' id='word_1_18' title='bbox 1102 717 1292 802; x_wconf 82' lang='lat' dir='ltr'><strong>despondere</strong></span> <span class='ocrx_word' id='word_1_19' title='bbox 1300 716 1333 796; x_wconf 89' lang='grc'><strong>1),</strong></span> 
     </span>
     <span class='ocr_line' id='line_1_4' title="bbox 205 813 1335 908; baseline -0.004 -17"><span class='ocrx_word' id='word_1_20' title='bbox 205 827 436 908; x_wconf 53' lang='lat' dir='ltr'><strong>conuerreret,</strong></span> <span class='ocrx_word' id='word_1_21' title='bbox 466 823 652 904; x_wconf 51' lang='lat' dir='ltr'><strong>inureret,</strong></span> <span class='ocrx_word' id='word_1_22' title='bbox 682 823 781 889; x_wconf 88' lang='lat' dir='ltr'><strong>semel</strong></span> <span class='ocrx_word' id='word_1_23' title='bbox 806 827 1006 908; x_wconf 69' lang='lat' dir='ltr'><strong>usurpantur</strong></span> <span class='ocrx_word' id='word_1_24' title='bbox 1028 822 1068 889; x_wconf 89' lang='lat' dir='ltr'><strong>de</strong></span> <span class='ocrx_word' id='word_1_25' title='bbox 1089 821 1183 888; x_wconf 89' lang='lat' dir='ltr'><strong>libris</strong></span> <span class='ocrx_word' id='word_1_26' title='bbox 1204 813 1335 888; x_wconf 83' lang='lat' dir='ltr'><strong>donatis</strong></span> 
     </span>
     <span class='ocr_line' id='line_1_5' title="bbox 205 925 1173 1010; baseline -0.002 -17"><span class='ocrx_word' id='word_1_27' title='bbox 205 947 226 992; x_wconf 88' lang='lat' dir='ltr'><strong>a</strong></span> <span class='ocrx_word' id='word_1_28' title='bbox 249 927 412 1010; x_wconf 82' lang='lat' dir='ltr'><strong>Cicerone,</strong></span> <span class='ocrx_word' id='word_1_29' title='bbox 435 950 455 995; x_wconf 85' lang='lat' dir='ltr'><strong>a</strong></span> <span class='ocrx_word' id='word_1_30' title='bbox 477 929 615 995; x_wconf 78' lang='lat' dir='ltr'><strong>Firmino</strong></span> <span class='ocrx_word' id='word_1_31' title='bbox 638 927 796 1009; x_wconf 86' lang='lat' dir='ltr'><strong>Materno,</strong></span> <span class='ocrx_word' id='word_1_32' title='bbox 819 947 840 993; x_wconf 84' lang='lat' dir='ltr'><strong>a</strong></span> <span class='ocrx_word' id='word_1_33' title='bbox 862 925 972 993; x_wconf 83' lang='lat' dir='ltr'><strong>Servio</strong></span> <span class='ocrx_word' id='word_1_34' title='bbox 994 925 1173 992; x_wconf 86' lang='lat' dir='ltr'><strong>Honorato.</strong></span> 
     </span>
    </p>
   </div>
   <div class='ocr_carea' id='block_1_3' title="bbox 170 1044 1336 1864">
    <p class='ocr_par' dir='ltr' id='par_1_3' title="bbox 170 1044 1336 1864">
     <span class='ocr_line' id='line_1_6' title="bbox 293 1044 1334 1134; baseline -0.004 -20"><span class='ocrx_word' id='word_1_35' title='bbox 293 1047 410 1115; x_wconf 86' lang='lat' dir='ltr'><strong>Graeci</strong></span> <span class='ocrx_word' id='word_1_36' title='bbox 423 1048 512 1116; x_wconf 84' lang='lat' dir='ltr'><strong>verbi</strong></span> <span class='ocrx_word' id='word_1_37' title='bbox 525 1055 659 1118; x_wconf 77' lang='grc' dir='ltr'><strong><em>ἐκπονεῖν</em></strong></span> <span class='ocrx_word' id='word_1_38' title='bbox 672 1049 721 1115; x_wconf 87' lang='lat' dir='ltr'><strong>vel</strong></span> <span class='ocrx_word' id='word_1_39' title='bbox 733 1044 962 1134; x_wconf 67' lang='grc' dir='ltr'><strong>ἐνεργάζεσθαι</strong></span> <span class='ocrx_word' id='word_1_40' title='bbox 979 1067 1039 1112; x_wconf 91' lang='lat' dir='ltr'><strong>nos</strong></span> <span class='ocrx_word' id='word_1_41' title='bbox 1056 1049 1177 1111; x_wconf 91' lang='lat' dir='ltr'><strong>monet·</strong></span> <span class='ocrx_word' id='word_1_42' title='bbox 1182 1044 1334 1111; x_wconf 89' lang='lat' dir='ltr'><strong>Latinum</strong></span> 
     </span>
     <span class='ocr_line' id='line_1_7' title="bbox 206 1147 1334 1236; baseline 0 -22"><span class='ocrx_word' id='word_1_43' title='bbox 206 1149 331 1218; x_wconf 81' lang='lat' dir='ltr'><strong>elaboro</strong></span> <span class='ocrx_word' id='word_1_44' title='bbox 337 1153 371 1232; x_wconf 83' lang='lat'><strong>⁴),</strong></span> <span class='ocrx_word' id='word_1_45' title='bbox 383 1153 515 1236; x_wconf 63' lang='lat' dir='ltr'><strong><em>perricio</em></strong></span> <span class='ocrx_word' id='word_1_46' title='bbox 522 1151 548 1233; x_wconf 72' lang='grc' dir='ltr'><strong>ὅ)</strong></span> <span class='ocrx_word' id='word_1_47' title='bbox 566 1150 618 1230; x_wconf 88' lang='lat' dir='ltr'><strong>ad,</strong></span> <span class='ocrx_word' id='word_1_48' title='bbox 636 1151 770 1217; x_wconf 81' lang='lat' dir='ltr'><strong>eundem</strong></span> <span class='ocrx_word' id='word_1_49' title='bbox 786 1150 951 1216; x_wconf 88' lang='lat' dir='ltr'><strong>notionem</strong></span> <span class='ocrx_word' id='word_1_50' title='bbox 963 1150 1031 1215; x_wconf 86' lang='lat' dir='ltr'><strong>fere</strong></span> <span class='ocrx_word' id='word_1_51' title='bbox 1042 1147 1146 1215; x_wconf 85' lang='lat' dir='ltr'><strong>habet</strong></span> <span class='ocrx_word' id='word_1_52' title='bbox 1158 1147 1334 1233; x_wconf 57' lang='lat' dir='ltr'><strong><em>oonrponot)</em></strong></span> 
     </span>
     <span class='ocr_line' id='line_1_8' title="bbox 207 1251 1335 1348; baseline -0.001 -30"><span class='ocrx_word' id='word_1_53' title='bbox 207 1255 267 1320; x_wconf 90' lang='lat' dir='ltr'><strong>tibi</strong></span> <span class='ocrx_word' id='word_1_54' title='bbox 295 1255 346 1322; x_wconf 83' lang='lat' dir='ltr'><strong>vel</strong></span> <span class='ocrx_word' id='word_1_55' title='bbox 373 1256 416 1324; x_wconf 90' lang='lat' dir='ltr'><strong>ad</strong></span> <span class='ocrx_word' id='word_1_56' title='bbox 443 1261 485 1322; x_wconf 92' lang='lat' dir='ltr'><strong>te.</strong></span> <span class='ocrx_word' id='word_1_57' title='bbox 530 1257 631 1323; x_wconf 84' lang='lat' dir='ltr'><strong>Verbi</strong></span> <span class='ocrx_word' id='word_1_58' title='bbox 657 1258 744 1341; x_wconf 72' lang='lat' dir='ltr'><strong><em>ferre</em></strong></span> <span class='ocrx_word' id='word_1_59' title='bbox 773 1254 954 1338; x_wconf 82' lang='lat' dir='ltr'><strong>composita</strong></span> <span class='ocrx_word' id='word_1_60' title='bbox 983 1252 1153 1348; x_wconf 70' lang='lat' dir='ltr'><strong><em>deterre⁶),</em></strong></span> <span class='ocrx_word' id='word_1_61' title='bbox 1181 1253 1292 1336; x_wconf 84' lang='lat' dir='ltr'><strong><em>offerre</em></strong></span> <span class='ocrx_word' id='word_1_62' title='bbox 1300 1251 1335 1333; x_wconf 67' lang='grc' dir='ltr'><strong>τ),</strong></span> 
     </span>
     <span class='ocr_line' id='line_1_9' title="bbox 207 1355 1335 1446; baseline -0.005 -20"><span class='ocrx_word' id='word_1_63' title='bbox 207 1360 296 1426; x_wconf 82' lang='lat' dir='ltr'><strong>verbi</strong></span> <span class='ocrx_word' id='word_1_64' title='bbox 317 1360 398 1442; x_wconf 52' lang='grc' dir='ltr'><strong>ἀοῖ),</strong></span> <span class='ocrx_word' id='word_1_65' title='bbox 421 1360 510 1445; x_wconf 88' lang='lat' dir='ltr'><strong>quod</strong></span> <span class='ocrx_word' id='word_1_66' title='bbox 529 1361 636 1446; x_wconf 90' lang='lat' dir='ltr'><strong>ipsum</strong></span> <span class='ocrx_word' id='word_1_67' title='bbox 655 1361 795 1426; x_wconf 89' lang='lat' dir='ltr'><strong>ooourrit</strong></span> <span class='ocrx_word' id='word_1_68' title='bbox 813 1359 898 1444; x_wconf 83' lang='lat' dir='ltr'><strong>apud</strong></span> <span class='ocrx_word' id='word_1_69' title='bbox 916 1357 1062 1425; x_wconf 89' lang='lat' dir='ltr'><strong>Solinum</strong></span> <span class='ocrx_word' id='word_1_70' title='bbox 1077 1357 1111 1423; x_wconf 92' lang='lat' dir='ltr'><strong>in</strong></span> <span class='ocrx_word' id='word_1_71' title='bbox 1129 1355 1335 1422; x_wconf 74' lang='lat' dir='ltr'>collectaneis</span> 
     </span>
     <span class='ocr_line' id='line_1_10' title="bbox 209 1464 1336 1552; baseline -0.002 -22"><span class='ocrx_word' id='word_1_72' title='bbox 209 1485 315 1530; x_wconf 89' lang='lat' dir='ltr'><strong>rerum</strong></span> <span class='ocrx_word' id='word_1_73' title='bbox 352 1488 483 1534; x_wconf 90' lang='lat' dir='ltr'><strong>memor.</strong></span> <span class='ocrx_word' id='word_1_74' title='bbox 514 1465 577 1552; x_wconf 79' lang='lat' dir='ltr'><strong>pri.</strong></span> <span class='ocrx_word' id='word_1_75' title='bbox 613 1473 755 1548; x_wconf 63' lang='lat' dir='ltr'><strong>(numen</strong></span> <span class='ocrx_word' id='word_1_76' title='bbox 785 1469 842 1534; x_wconf 80' lang='lat' dir='ltr'><strong><em>titi</em></strong></span> <span class='ocrx_word' id='word_1_77' title='bbox 872 1468 938 1548; x_wconf 80' lang='lat' dir='ltr'><strong>do),</strong></span> <span class='ocrx_word' id='word_1_78' title='bbox 975 1464 1152 1549; x_wconf 79' lang='lat' dir='ltr'><strong>composita</strong></span> <span class='ocrx_word' id='word_1_79' title='bbox 1181 1464 1336 1549; x_wconf 88' lang='lat' dir='ltr'><strong>leguntur</strong></span> 
     </span>
     <span class='ocr_line' id='line_1_11' title="bbox 208 1565 1336 1655; baseline -0.004 -19"><span class='ocrx_word' id='word_1_80' title='bbox 208 1571 364 1652; x_wconf 59' lang='lat' dir='ltr'><strong>madon,</strong></span> <span class='ocrx_word' id='word_1_81' title='bbox 386 1571 490 1653; x_wconf 52' lang='grc' dir='ltr'>εάοθ),</span> <span class='ocrx_word' id='word_1_82' title='bbox 514 1569 653 1652; x_wconf 60' lang='lat' dir='ltr'><strong>notun.</strong></span> <span class='ocrx_word' id='word_1_83' title='bbox 676 1570 819 1652; x_wconf 47' lang='lat' dir='ltr'><strong>recidet,</strong></span> <span class='ocrx_word' id='word_1_84' title='bbox 844 1591 980 1655; x_wconf 90' lang='lat' dir='ltr'><strong>quorum</strong></span> <span class='ocrx_word' id='word_1_85' title='bbox 1001 1569 1152 1636; x_wconf 86' lang='lat' dir='ltr'><strong>ultimum</strong></span> <span class='ocrx_word' id='word_1_86' title='bbox 1173 1565 1336 1652; x_wconf 80' lang='lat' dir='ltr'><strong>signifieat</strong></span> 
     </span>
     <span class='ocr_line' id='line_1_12' title="bbox 170 1673 1336 1760; baseline -0.001 -22"><span class='ocrx_word' id='word_1_87' title='bbox 170 1701 174 1710; x_wconf 91' lang='lat'><strong>·</strong></span> <span class='ocrx_word' id='word_1_88' title='bbox 208 1673 394 1758; x_wconf 80' lang='lat' dir='ltr'><strong>scriptorem</strong></span> <span class='ocrx_word' id='word_1_89' title='bbox 417 1681 566 1760; x_wconf 84' lang='lat' dir='ltr'><strong>rogatum</strong></span> <span class='ocrx_word' id='word_1_90' title='bbox 589 1675 730 1742; x_wconf 87' lang='lat' dir='ltr'><strong>scribere</strong></span> <span class='ocrx_word' id='word_1_91' title='bbox 758 1681 792 1741; x_wconf 90' lang='lat' dir='ltr'><strong>et</strong></span> <span class='ocrx_word' id='word_1_92' title='bbox 813 1676 1046 1759; x_wconf 70' lang='lat' dir='ltr'><strong><em>percontationi</em></strong></span> <span class='ocrx_word' id='word_1_93' title='bbox 1072 1673 1259 1758; x_wconf 80' lang='lat' dir='ltr'><strong><em>respondere</em></strong></span> <span class='ocrx_word' id='word_1_94' title='bbox 1286 1675 1336 1753; x_wconf 83' lang='lat' dir='ltr'><strong>(ut</strong></span> 
     </span>
     <span class='ocr_line' id='line_1_13' title="bbox 208 1776 1336 1864; baseline -0.001 -23"><span class='ocrx_word' id='word_1_95' title='bbox 208 1776 288 1843; x_wconf 89' lang='lat' dir='ltr'><strong>dioit</strong></span> <span class='ocrx_word' id='word_1_96' title='bbox 309 1779 441 1846; x_wconf 77' lang='lat' dir='ltr'><strong>Tacitus</strong></span> <span class='ocrx_word' id='word_1_97' title='bbox 463 1779 539 1846; x_wconf 87' lang='lat' dir='ltr'><strong>dial.</strong></span> <span class='ocrx_word' id='word_1_98' title='bbox 558 1778 599 1845; x_wconf 88' lang='lat' dir='ltr'><strong>de</strong></span> <span class='ocrx_word' id='word_1_99' title='bbox 621 1782 704 1845; x_wconf 87' lang='lat' dir='ltr'><strong>orat.</strong></span> <span class='ocrx_word' id='word_1_100' title='bbox 726 1781 766 1864; x_wconf 91' lang='lat' dir='ltr'><strong>l).</strong></span> <span class='ocrx_word' id='word_1_101' title='bbox 804 1776 994 1844; x_wconf 82' lang='lat' dir='ltr'><strong>Cornificius</strong></span> <span class='ocrx_word' id='word_1_102' title='bbox 1011 1777 1166 1843; x_wconf 88' lang='lat' dir='ltr'><strong>Herennii</strong></span> <span class='ocrx_word' id='word_1_103' title='bbox 1182 1776 1336 1842; x_wconf 77' lang='lat' dir='ltr'><strong>voluntati</strong></span> 
     </span>
    </p>
   </div>
   <div class='ocr_carea' id='block_1_4' title="bbox 104 1880 1336 1970">
    <p class='ocr_par' dir='ltr' id='par_1_4' title="bbox 104 1880 1336 1970">
     <span class='ocr_line' id='line_1_14' title="bbox 104 1880 1336 1970; baseline -0.001 -24"><span class='ocrx_word' id='word_1_104' title='bbox 104 1911 112 1928; x_wconf 91' lang='lat'><strong>·</strong></span> <span class='ocrx_word' id='word_1_105' title='bbox 206 1899 324 1947; x_wconf 83' lang='lat' dir='ltr'><strong><em>morem</em></strong></span> <span class='ocrx_word' id='word_1_106' title='bbox 344 1885 427 1968; x_wconf 85' lang='lat' dir='ltr'><strong><em>perit</em></strong></span> <span class='ocrx_word' id='word_1_107' title='bbox 448 1882 582 1970; x_wconf 81' lang='lat' dir='ltr'><strong>(rhetor.</strong></span> <span class='ocrx_word' id='word_1_108' title='bbox 604 1881 652 1963; x_wconf 91' lang='grc' dir='ltr'><strong>ΙΙ,</strong></span> <span class='ocrx_word' id='word_1_109' title='bbox 677 1882 746 1969; x_wconf 82' lang='grc'>50),</span> <span class='ocrx_word' id='word_1_110' title='bbox 774 1901 892 1948; x_wconf 80' lang='lat' dir='ltr'><strong><em>monne</em></strong></span> <span class='ocrx_word' id='word_1_111' title='bbox 919 1881 1073 1947; x_wconf 81' lang='lat' dir='ltr'><strong>ootrmtuti</strong></span> <span class='ocrx_word' id='word_1_112' title='bbox 1100 1882 1169 1946; x_wconf 75' lang='lat' dir='ltr'><strong><em>eino</em></strong></span> <span class='ocrx_word' id='word_1_113' title='bbox 1198 1880 1336 1965; x_wconf 70' lang='lat' dir='ltr'><strong>lupino</strong></span> 
     </span>
    </p>
   </div>
   <div class='ocr_carea' id='block_1_5' title="bbox 206 1981 1340 3418">
    <p class='ocr_par' dir='ltr' id='par_1_5' title="bbox 206 1981 1340 3418">
     <span class='ocr_line' id='line_1_15' title="bbox 208 1981 1335 2074; baseline -0.001 -25"><span class='ocrx_word' id='word_1_114' title='bbox 208 1982 301 2064; x_wconf 87' lang='lat' dir='ltr'><strong>(rhet.</strong></span> <span class='ocrx_word' id='word_1_115' title='bbox 324 1986 351 2064; x_wconf 91' lang='lat'><strong>1,</strong></span> <span class='ocrx_word' id='word_1_116' title='bbox 372 1989 436 2068; x_wconf 78' lang='grc'>27),</span> <span class='ocrx_word' id='word_1_117' title='bbox 455 1987 605 2070; x_wconf 74' lang='lat' dir='ltr'><strong><em>persolvit</em></strong></span> <span class='ocrx_word' id='word_1_118' title='bbox 626 1985 722 2074; x_wconf 89' lang='lat' dir='ltr'><strong>(rhet.</strong></span> <span class='ocrx_word' id='word_1_119' title='bbox 745 1985 799 2067; x_wconf 87' lang='lat' dir='ltr'><strong>IV,</strong></span> <span class='ocrx_word' id='word_1_120' title='bbox 825 1991 869 2066; x_wconf 92' lang='grc'><strong>1),</strong></span> <span class='ocrx_word' id='word_1_121' title='bbox 896 1984 1053 2051; x_wconf 87' lang='lat' dir='ltr'><strong>Firmious</strong></span> <span class='ocrx_word' id='word_1_122' title='bbox 1074 1981 1243 2050; x_wconf 77' lang='lat' dir='ltr'><strong>Maternus</strong></span> <span class='ocrx_word' id='word_1_123' title='bbox 1258 2001 1335 2067; x_wconf 89' lang='lat' dir='ltr'><strong><em>pro·</em></strong></span> 
     </span>
     <span class='ocr_line' id='line_1_16' title="bbox 207 2083 1337 2178; baseline -0.003 -25"><span class='ocrx_word' id='word_1_124' title='bbox 207 2088 743 2178; x_wconf 67' lang='lat' dir='ltr'><strong>messoredotit(1prf.),-Iibrum</strong></span> <span class='ocrx_word' id='word_1_125' title='bbox 771 2090 869 2156; x_wconf 80' lang='lat' dir='ltr'><strong><em>eredit</em></strong></span> <span class='ocrx_word' id='word_1_126' title='bbox 895 2087 1043 2154; x_wconf 83' lang='lat' dir='ltr'><strong>Lolliano</strong></span> <span class='ocrx_word' id='word_1_127' title='bbox 1064 2087 1162 2173; x_wconf 87' lang='lat' dir='ltr'><strong>(VIII,</strong></span> <span class='ocrx_word' id='word_1_128' title='bbox 1185 2090 1247 2170; x_wconf 83' lang='lat'><strong>33).</strong></span> <span class='ocrx_word' id='word_1_129' title='bbox 1291 2083 1337 2151; x_wconf 90' lang='lat' dir='ltr'><strong>Ut</strong></span> 
     </span>
     <span class='ocr_line' id='line_1_17' title="bbox 209 2188 1337 2286; baseline -0.002 -30"><span class='ocrx_word' id='word_1_130' title='bbox 209 2211 309 2276; x_wconf 89' lang='lat' dir='ltr'><strong>supra</strong></span> <span class='ocrx_word' id='word_1_131' title='bbox 338 2190 470 2259; x_wconf 86' lang='lat' dir='ltr'><strong>Solinus</strong></span> <span class='ocrx_word' id='word_1_132' title='bbox 501 2192 602 2258; x_wconf 91' lang='lat' dir='ltr'><strong>alioui</strong></span> <span class='ocrx_word' id='word_1_133' title='bbox 632 2215 762 2261; x_wconf 79' lang='lat' dir='ltr'><strong><em>eramen</em></strong></span> <span class='ocrx_word' id='word_1_134' title='bbox 793 2194 896 2286; x_wconf 83' lang='lat' dir='ltr'><strong>operis</strong></span> <span class='ocrx_word' id='word_1_135' title='bbox 926 2193 997 2273; x_wconf 80' lang='lat' dir='ltr'><strong><em>dot,</em></strong></span> <span class='ocrx_word' id='word_1_136' title='bbox 1027 2193 1075 2258; x_wconf 86' lang='lat' dir='ltr'><strong>ita</strong></span> <span class='ocrx_word' id='word_1_137' title='bbox 1107 2191 1189 2258; x_wconf 86' lang='lat' dir='ltr'><strong>alius</strong></span> <span class='ocrx_word' id='word_1_138' title='bbox 1218 2188 1337 2255; x_wconf 88' lang='lat' dir='ltr'><strong>librum</strong></span> 
     </span>
     <span class='ocr_line' id='line_1_18' title="bbox 209 2293 1338 2382; baseline -0.004 -20"><span class='ocrx_word' id='word_1_139' title='bbox 209 2296 299 2378; x_wconf 80' lang='lat' dir='ltr'><strong><em>offert</em></strong></span> <span class='ocrx_word' id='word_1_140' title='bbox 318 2297 447 2363; x_wconf 79' lang='lat' dir='ltr'><strong>indioir&#39;s</strong></span> <span class='ocrx_word' id='word_1_141' title='bbox 469 2296 574 2381; x_wconf 85' lang='lat' dir='ltr'><strong>(Balb.</strong></span> <span class='ocrx_word' id='word_1_142' title='bbox 597 2317 704 2382; x_wconf 85' lang='lat' dir='ltr'><strong>expos.</strong></span> <span class='ocrx_word' id='word_1_143' title='bbox 728 2316 811 2362; x_wconf 92' lang='lat' dir='ltr'><strong>omn.</strong></span> <span class='ocrx_word' id='word_1_144' title='bbox 834 2293 927 2362; x_wconf 86' lang='lat' dir='ltr'><strong>form.</strong></span> <span class='ocrx_word' id='word_1_145' title='bbox 950 2295 1038 2382; x_wconf 73' lang='lat' dir='ltr'><strong>pri),</strong></span> <span class='ocrx_word' id='word_1_146' title='bbox 1062 2294 1148 2360; x_wconf 88' lang='lat' dir='ltr'><strong>alius</strong></span> <span class='ocrx_word' id='word_1_147' title='bbox 1169 2293 1338 2378; x_wconf 67' lang='lat' dir='ltr'><strong><em>counitioni</em></strong></span> 
     </span>
     <span class='ocr_line' id='line_1_19' title="bbox 207 2396 1338 2487; baseline -0.002 -25"><span class='ocrx_word' id='word_1_148' title='bbox 207 2399 320 2465; x_wconf 80' lang='lat' dir='ltr'><strong>sternit</strong></span> <span class='ocrx_word' id='word_1_149' title='bbox 348 2398 556 2487; x_wconf 86' lang='lat' dir='ltr'><strong>(Spartianus</strong></span> <span class='ocrx_word' id='word_1_150' title='bbox 577 2401 662 2466; x_wconf 82' lang='lat' dir='ltr'><strong>ritae</strong></span> <span class='ocrx_word' id='word_1_151' title='bbox 683 2399 769 2467; x_wconf 86' lang='lat' dir='ltr'><strong>Helii</strong></span> <span class='ocrx_word' id='word_1_152' title='bbox 791 2399 864 2485; x_wconf 86' lang='lat' dir='ltr'><strong>prf.)</strong></span> <span class='ocrx_word' id='word_1_153' title='bbox 885 2398 1032 2467; x_wconf 90' lang='lat' dir='ltr'><strong>alicuius.</strong></span> <span class='ocrx_word' id='word_1_154' title='bbox 1076 2397 1267 2464; x_wconf 78' lang='lat' dir='ltr'><strong>Lactantius</strong></span> <span class='ocrx_word' id='word_1_155' title='bbox 1288 2396 1338 2460; x_wconf 82' lang='lat' dir='ltr'><strong>in·</strong></span> 
     </span>
     <span class='ocr_line' id='line_1_20' title="bbox 206 2497 1337 2590; baseline -0.003 -24"><span class='ocrx_word' id='word_1_156' title='bbox 206 2505 309 2579; x_wconf 76' lang='grc' dir='ltr'><strong><em>ιιοσιιέ,</em></strong></span> <span class='ocrx_word' id='word_1_157' title='bbox 348 2503 501 2586; x_wconf 79' lang='lat' dir='ltr'><strong><em>appellet,</em></strong></span> <span class='ocrx_word' id='word_1_158' title='bbox 538 2503 711 2587; x_wconf 76' lang='lat' dir='ltr'><strong>alloquitur</strong></span> <span class='ocrx_word' id='word_1_159' title='bbox 746 2504 972 2588; x_wconf 82' lang='lat' dir='ltr'><strong><em>imperatorem</em></strong></span> <span class='ocrx_word' id='word_1_160' title='bbox 1009 2501 1098 2590; x_wconf 87' lang='lat' dir='ltr'><strong>(inst.</strong></span> <span class='ocrx_word' id='word_1_161' title='bbox 1132 2497 1337 2586; x_wconf 65' lang='lat' dir='ltr'><strong>div.=1‚11,).</strong></span> 
     </span>
     <span class='ocr_line' id='line_1_21' title="bbox 208 2601 1338 2693; baseline -0.002 -26"><span class='ocrx_word' id='word_1_162' title='bbox 208 2601 352 2670; x_wconf 86' lang='lat' dir='ltr'><strong>Soranus</strong></span> <span class='ocrx_word' id='word_1_163' title='bbox 382 2605 527 2672; x_wconf 86' lang='lat' dir='ltr'><strong>medicus</strong></span> <span class='ocrx_word' id='word_1_164' title='bbox 557 2607 605 2688; x_wconf 90' lang='lat' dir='ltr'><strong>(V.</strong></span> <span class='ocrx_word' id='word_1_165' title='bbox 634 2628 677 2674; x_wconf 88' lang='lat' dir='ltr'><strong>so.</strong></span> <span class='ocrx_word' id='word_1_166' title='bbox 705 2630 735 2693; x_wconf 94' lang='lat' dir='ltr'><strong>p.</strong></span> <span class='ocrx_word' id='word_1_167' title='bbox 765 2605 839 2673; x_wconf 82' lang='lat' dir='ltr'><strong>Chr.</strong></span> <span class='ocrx_word' id='word_1_168' title='bbox 867 2613 909 2687; x_wconf 88' lang='lat' dir='ltr'><strong>n.)</strong></span> <span class='ocrx_word' id='word_1_169' title='bbox 940 2604 1039 2673; x_wconf 82' lang='lat' dir='ltr'><strong>verbo</strong></span> <span class='ocrx_word' id='word_1_170' title='bbox 1069 2606 1237 2672; x_wconf 80' lang='lat' dir='ltr'><strong><em>insinnare</em></strong></span> <span class='ocrx_word' id='word_1_171' title='bbox 1265 2620 1338 2666; x_wconf 89' lang='lat' dir='ltr'><strong>oum</strong></span> 
     </span>
     <span class='ocr_line' id='line_1_22' title="bbox 209 2704 1338 2796; baseline 0 -25"><span class='ocrx_word' id='word_1_172' title='bbox 209 2704 318 2772; x_wconf 85' lang='lat' dir='ltr'><strong>dativo</strong></span> <span class='ocrx_word' id='word_1_173' title='bbox 339 2709 461 2791; x_wconf 88' lang='lat' dir='ltr'><strong>utitur,</strong></span> <span class='ocrx_word' id='word_1_174' title='bbox 484 2715 522 2776; x_wconf 89' lang='lat' dir='ltr'><strong>ut</strong></span> <span class='ocrx_word' id='word_1_175' title='bbox 544 2710 705 2777; x_wconf 86' lang='lat' dir='ltr'><strong>dedioatio</strong></span> <span class='ocrx_word' id='word_1_176' title='bbox 728 2715 952 2796; x_wconf 80' lang='lat' dir='ltr'><strong>cognoscatur.</strong></span> <span class='ocrx_word' id='word_1_177' title='bbox 993 2707 1122 2776; x_wconf 80' lang='lat' dir='ltr'><strong>Caelius</strong></span> <span class='ocrx_word' id='word_1_178' title='bbox 1143 2705 1338 2773; x_wconf 74' lang='lat' dir='ltr'><strong>Aurelianus</strong></span> 
     </span>
     <span class='ocr_line' id='line_1_23' title="bbox 207 2809 1338 2902; baseline 0.001 -28"><span class='ocrx_word' id='word_1_179' title='bbox 207 2809 351 2876; x_wconf 82' lang='lat' dir='ltr'><strong>medicus</strong></span> <span class='ocrx_word' id='word_1_180' title='bbox 373 2813 472 2898; x_wconf 87' lang='lat' dir='ltr'><strong>(aeut.</strong></span> <span class='ocrx_word' id='word_1_181' title='bbox 495 2834 582 2897; x_wconf 86' lang='lat' dir='ltr'><strong>pass.</strong></span> <span class='ocrx_word' id='word_1_182' title='bbox 600 2813 622 2882; x_wconf 91' lang='lat' dir='ltr'><strong>l.</strong></span> <span class='ocrx_word' id='word_1_183' title='bbox 641 2814 701 2902; x_wconf 86' lang='lat' dir='ltr'><strong>III)</strong></span> <span class='ocrx_word' id='word_1_184' title='bbox 723 2815 829 2900; x_wconf 82' lang='lat' dir='ltr'><strong>quInti</strong></span> <span class='ocrx_word' id='word_1_185' title='bbox 849 2836 880 2899; x_wconf 89' lang='lat' dir='ltr'><strong>p.</strong></span> <span class='ocrx_word' id='word_1_186' title='bbox 900 2812 973 2881; x_wconf 82' lang='lat' dir='ltr'><strong>chr.</strong></span> <span class='ocrx_word' id='word_1_187' title='bbox 991 2834 1023 2879; x_wconf 90' lang='lat' dir='ltr'><strong>n.</strong></span> <span class='ocrx_word' id='word_1_188' title='bbox 1043 2809 1165 2878; x_wconf 88' lang='lat' dir='ltr'><strong>saoouli</strong></span> <span class='ocrx_word' id='word_1_189' title='bbox 1186 2815 1220 2876; x_wconf 88' lang='lat' dir='ltr'><strong>et</strong></span> <span class='ocrx_word' id='word_1_190' title='bbox 1236 2809 1338 2876; x_wconf 91' lang='lat' dir='ltr'><strong>Iulius</strong></span> 
     </span>
     <span class='ocr_line' id='line_1_24' title="bbox 208 2911 1337 3004; baseline 0 -26"><span class='ocrx_word' id='word_1_191' title='bbox 208 2911 410 2997; x_wconf 81' lang='lat' dir='ltr'><strong>capitolinus</strong></span> <span class='ocrx_word' id='word_1_192' title='bbox 433 2916 573 3001; x_wconf 86' lang='lat' dir='ltr'><strong>scriptor</strong></span> <span class='ocrx_word' id='word_1_193' title='bbox 594 2922 886 3004; x_wconf 78' lang='lat' dir='ltr'><strong>rerumgestarum</strong></span> <span class='ocrx_word' id='word_1_194' title='bbox 908 2919 1003 2998; x_wconf 88' lang='lat' dir='ltr'><strong>(vitae</strong></span> <span class='ocrx_word' id='word_1_195' title='bbox 1022 2914 1262 2982; x_wconf 88' lang='lat' dir='ltr'><strong>Gordianorum</strong></span> <span class='ocrx_word' id='word_1_196' title='bbox 1278 2911 1337 2978; x_wconf 89' lang='lat' dir='ltr'><strong>tri·</strong></span> 
     </span>
     <span class='ocr_line' id='line_1_25' title="bbox 207 3015 1336 3106; baseline -0.001 -24"><span class='ocrx_word' id='word_1_197' title='bbox 207 3037 262 3082; x_wconf 90' lang='lat' dir='ltr'><strong>um</strong></span> <span class='ocrx_word' id='word_1_198' title='bbox 279 3037 306 3082; x_wconf 88' lang='lat' dir='ltr'><strong>o.</strong></span> <span class='ocrx_word' id='word_1_199' title='bbox 326 3021 356 3098; x_wconf 91' lang='lat'><strong>1)</strong></span> <span class='ocrx_word' id='word_1_200' title='bbox 379 3038 479 3102; x_wconf 90' lang='lat' dir='ltr'><strong>opera</strong></span> <span class='ocrx_word' id='word_1_201' title='bbox 497 3021 658 3088; x_wconf 69' lang='lat' dir='ltr'><strong>destinm</strong></span> <span class='ocrx_word' id='word_1_202' title='bbox 673 3022 715 3088; x_wconf 87' lang='lat' dir='ltr'><strong>ad</strong></span> <span class='ocrx_word' id='word_1_203' title='bbox 733 3021 895 3106; x_wconf 80' lang='lat' dir='ltr'><strong>aequales.</strong></span> <span class='ocrx_word' id='word_1_204' title='bbox 936 3016 1184 3085; x_wconf 83' lang='lat' dir='ltr'><strong>Aoouratissime</strong></span> <span class='ocrx_word' id='word_1_205' title='bbox 1201 3015 1336 3096; x_wconf 80' lang='lat' dir='ltr'><strong>Graeco,</strong></span> 
     </span>
     <span class='ocr_line' id='line_1_26' title="bbox 208 3119 1340 3212; baseline -0.002 -27"><span class='ocrx_word' id='word_1_206' title='bbox 208 3120 294 3203; x_wconf 92' lang='lat' dir='ltr'><strong>quod</strong></span> <span class='ocrx_word' id='word_1_207' title='bbox 312 3141 412 3208; x_wconf 92' lang='lat' dir='ltr'><strong>supra</strong></span> <span class='ocrx_word' id='word_1_208' title='bbox 430 3124 634 3207; x_wconf 78' lang='lat' dir='ltr'><strong>cognovimus</strong></span> <span class='ocrx_word' id='word_1_209' title='bbox 652 3127 828 3212; x_wconf 79' lang='grc' dir='ltr'><strong><em>προσδέχου,</em></strong></span> <span class='ocrx_word' id='word_1_210' title='bbox 847 3125 938 3212; x_wconf 75' lang='grc' dir='ltr'><strong><em>δέχου</em></strong></span> <span class='ocrx_word' id='word_1_211' title='bbox 951 3126 1005 3210; x_wconf 73' lang='grc' dir='ltr'><strong>τήν</strong></span> <span class='ocrx_word' id='word_1_212' title='bbox 1017 3121 1147 3208; x_wconf 82' lang='grc' dir='ltr'><strong><em>αἴτησιν,</em></strong></span> <span class='ocrx_word' id='word_1_213' title='bbox 1164 3119 1340 3204; x_wconf 78' lang='lat' dir='ltr'><strong>respondet</strong></span> 
     </span>
     <span class='ocr_line' id='line_1_27' title="bbox 208 3220 1336 3313; baseline -0.001 -25"><span class='ocrx_word' id='word_1_214' title='bbox 208 3222 360 3290; x_wconf 85' lang='lat' dir='ltr'><strong>Latinum</strong></span> <span class='ocrx_word' id='word_1_215' title='bbox 395 3226 501 3308; x_wconf 63' lang='lat' dir='ltr'><strong><em>oonpe</em></strong></span> <span class='ocrx_word' id='word_1_216' title='bbox 534 3227 678 3313; x_wconf 82' lang='lat' dir='ltr'><strong>(Firmioi</strong></span> <span class='ocrx_word' id='word_1_217' title='bbox 707 3227 788 3296; x_wconf 86' lang='lat' dir='ltr'><strong>Mat.</strong></span> <span class='ocrx_word' id='word_1_218' title='bbox 819 3225 911 3307; x_wconf 90' lang='lat' dir='ltr'><strong>VIII,</strong></span> <span class='ocrx_word' id='word_1_219' title='bbox 945 3227 1000 3306; x_wconf 88' lang='grc'><strong>33,</strong></span> <span class='ocrx_word' id='word_1_220' title='bbox 1030 3223 1103 3290; x_wconf 89' lang='lat' dir='ltr'><strong>Rufi</strong></span> <span class='ocrx_word' id='word_1_221' title='bbox 1132 3222 1220 3288; x_wconf 82' lang='lat' dir='ltr'><strong>Festi</strong></span> <span class='ocrx_word' id='word_1_222' title='bbox 1243 3220 1336 3287; x_wconf 85' lang='lat' dir='ltr'><strong>Brev.</strong></span> 
     </span>
     <span class='ocr_line' id='line_1_28' title="bbox 209 3324 1337 3418; baseline 0 -28"><span class='ocrx_word' id='word_1_223' title='bbox 209 3345 236 3391; x_wconf 90' lang='lat' dir='ltr'><strong>o.</strong></span> <span class='ocrx_word' id='word_1_224' title='bbox 261 3332 293 3411; x_wconf 91' lang='lat'><strong>1,</strong></span> <span class='ocrx_word' id='word_1_225' title='bbox 321 3325 548 3396; x_wconf 83' lang='lat' dir='ltr'><strong>Fortunatiani</strong></span> <span class='ocrx_word' id='word_1_226' title='bbox 576 3331 659 3418; x_wconf 87' lang='lat' dir='ltr'><strong>ars),</strong></span> <span class='ocrx_word' id='word_1_227' title='bbox 689 3333 822 3416; x_wconf 75' lang='lat' dir='ltr'><strong>aonpies</strong></span> <span class='ocrx_word' id='word_1_228' title='bbox 849 3330 905 3396; x_wconf 82' lang='lat' dir='ltr'><strong>too</strong></span> <span class='ocrx_word' id='word_1_229' title='bbox 926 3327 1111 3413; x_wconf 64' lang='lat' dir='ltr'><strong>posonium</strong></span> <span class='ocrx_word' id='word_1_230' title='bbox 1139 3325 1228 3410; x_wconf 86' lang='lat' dir='ltr'><strong>apud</strong></span> <span class='ocrx_word' id='word_1_231' title='bbox 1249 3324 1337 3391; x_wconf 84' lang='lat' dir='ltr'><strong>Cios·</strong></span> 
     </span>
    </p>
   </div>
   <div class='ocr_carea' id='block_1_6' title="bbox 181 3566 1395 4416">
    <p class='ocr_par' dir='ltr' id='par_1_6' title="bbox 181 3566 1395 4416">
     <span class='ocr_line' id='line_1_29' title="bbox 296 3566 731 3636; baseline 0.014 -16"><span class='ocrx_word' id='word_1_232' title='bbox 296 3567 316 3636; x_wconf 77' lang='lat'><strong>¹)</strong></span> <span class='ocrx_word' id='word_1_233' title='bbox 335 3566 430 3622; x_wconf 82' lang='lat' dir='ltr'><strong>Gioero</strong></span> <span class='ocrx_word' id='word_1_234' title='bbox 447 3568 484 3621; x_wconf 88' lang='lat' dir='ltr'><strong>ad</strong></span> <span class='ocrx_word' id='word_1_235' title='bbox 500 3569 559 3626; x_wconf 78' lang='lat' dir='ltr'><strong>Ate.</strong></span> <span class='ocrx_word' id='word_1_236' title='bbox 577 3569 649 3624; x_wconf 85' lang='lat' dir='ltr'><strong>XIII</strong></span> <span class='ocrx_word' id='word_1_237' title='bbox 669 3573 701 3627; x_wconf 81' lang='lat'><strong>12</strong></span> <span class='ocrx_word' id='word_1_238' title='bbox 712 3592 731 3626; x_wconf 82' lang='lat' dir='ltr'><strong>r.</strong></span> 
     </span>
     <span class='ocr_line' id='line_1_30' title="bbox 295 3651 652 3722; baseline 0.017 -17"><span class='ocrx_word' id='word_1_239' title='bbox 295 3653 316 3722; x_wconf 79' lang='lat'><strong>¹)</strong></span> <span class='ocrx_word' id='word_1_240' title='bbox 334 3651 418 3708; x_wconf 87' lang='lat' dir='ltr'><strong>Firm.</strong></span> <span class='ocrx_word' id='word_1_241' title='bbox 436 3652 503 3707; x_wconf 81' lang='lat' dir='ltr'><strong>Met.</strong></span> <span class='ocrx_word' id='word_1_242' title='bbox 521 3654 591 3709; x_wconf 80' lang='lat' dir='ltr'><strong>vm.</strong></span> <span class='ocrx_word' id='word_1_243' title='bbox 610 3658 652 3711; x_wconf 82' lang='lat'><strong>33.</strong></span> 
     </span>
     <span class='ocr_line' id='line_1_31' title="bbox 181 3737 778 3812; baseline 0.012 -21"><span class='ocrx_word' id='word_1_244' title='bbox 181 3761 183 3766; x_wconf 95' lang='lat'>·</span> <span class='ocrx_word' id='word_1_245' title='bbox 294 3739 314 3809; x_wconf 79' lang='lat'><strong>⁸)</strong></span> <span class='ocrx_word' id='word_1_246' title='bbox 333 3737 443 3792; x_wconf 84' lang='lat' dir='ltr'><strong>Servius</strong></span> <span class='ocrx_word' id='word_1_247' title='bbox 460 3738 531 3793; x_wconf 91' lang='lat' dir='ltr'><strong>Hon.</strong></span> <span class='ocrx_word' id='word_1_248' title='bbox 550 3742 706 3796; x_wconf 77' lang='lat' dir='ltr'><strong>oentImetr.</strong></span> <span class='ocrx_word' id='word_1_249' title='bbox 725 3743 778 3812; x_wconf 87' lang='lat' dir='ltr'><strong>prf.</strong></span> 
     </span>
     <span class='ocr_line' id='line_1_32' title="bbox 293 3823 917 3896; baseline 0 -14"><span class='ocrx_word' id='word_1_250' title='bbox 293 3824 314 3893; x_wconf 84' lang='lat'><strong>⁴)</strong></span> <span class='ocrx_word' id='word_1_251' title='bbox 332 3823 504 3892; x_wconf 76' lang='lat' dir='ltr'><strong>Augustinus</strong></span> <span class='ocrx_word' id='word_1_252' title='bbox 523 3826 558 3881; x_wconf 87' lang='lat' dir='ltr'><strong>de</strong></span> <span class='ocrx_word' id='word_1_253' title='bbox 576 3827 675 3896; x_wconf 83' lang='lat' dir='ltr'><strong>spiritu</strong></span> <span class='ocrx_word' id='word_1_254' title='bbox 693 3832 722 3883; x_wconf 87' lang='lat' dir='ltr'><strong>et</strong></span> <span class='ocrx_word' id='word_1_255' title='bbox 739 3828 833 3883; x_wconf 82' lang='lat' dir='ltr'><strong>littera</strong></span> <span class='ocrx_word' id='word_1_256' title='bbox 851 3844 874 3884; x_wconf 88' lang='lat' dir='ltr'><strong>o.</strong></span> <span class='ocrx_word' id='word_1_257' title='bbox 893 3831 917 3882; x_wconf 96' lang='lat'><strong>1.</strong></span> 
     </span>
     <span class='ocr_line' id='line_1_33' title="bbox 294 3908 706 3983; baseline 0.017 -22"><span class='ocrx_word' id='word_1_258' title='bbox 294 3911 314 3982; x_wconf 78' lang='lat'><strong>⁶)</strong></span> <span class='ocrx_word' id='word_1_259' title='bbox 333 3908 428 3962; x_wconf 84' lang='lat' dir='ltr'><strong>Gioero</strong></span> <span class='ocrx_word' id='word_1_260' title='bbox 447 3910 483 3964; x_wconf 86' lang='lat' dir='ltr'><strong>ed</strong></span> <span class='ocrx_word' id='word_1_261' title='bbox 498 3911 557 3967; x_wconf 85' lang='lat' dir='ltr'><strong>Att.</strong></span> <span class='ocrx_word' id='word_1_262' title='bbox 575 3913 647 3983; x_wconf 78' lang='grc' dir='ltr'>ΧΙΠ,</span> <span class='ocrx_word' id='word_1_263' title='bbox 666 3916 706 3968; x_wconf 88' lang='grc'><strong>18.</strong></span> 
     </span>
     <span class='ocr_line' id='line_1_34' title="bbox 296 3992 1336 4067; baseline 0.002 -18"><span class='ocrx_word' id='word_1_264' title='bbox 296 3997 317 4067; x_wconf 82' lang='lat'><strong>⁸)</strong></span> <span class='ocrx_word' id='word_1_265' title='bbox 336 3994 399 4049; x_wconf 86' lang='lat' dir='ltr'><strong>Itin.</strong></span> <span class='ocrx_word' id='word_1_266' title='bbox 412 3992 456 4046; x_wconf 87' lang='lat' dir='ltr'><strong>Al.</strong></span> <span class='ocrx_word' id='word_1_267' title='bbox 470 3995 566 4066; x_wconf 77' lang='lat' dir='ltr'><strong>Magni</strong></span> <span class='ocrx_word' id='word_1_268' title='bbox 583 4015 606 4052; x_wconf 79' lang='lat' dir='ltr'><strong>a</strong></span> <span class='ocrx_word' id='word_1_269' title='bbox 622 4003 644 4052; x_wconf 96' lang='lat'><strong>1.</strong></span> <span class='ocrx_word' id='word_1_270' title='bbox 662 3999 796 4055; x_wconf 79' lang='lat' dir='ltr'><strong>Suoerdos</strong></span> <span class='ocrx_word' id='word_1_271' title='bbox 814 3999 849 4052; x_wconf 85' lang='lat' dir='ltr'><strong>de</strong></span> <span class='ocrx_word' id='word_1_272' title='bbox 867 3997 964 4050; x_wconf 85' lang='lat' dir='ltr'><strong>metris</strong></span> <span class='ocrx_word' id='word_1_273' title='bbox 982 3995 1034 4065; x_wconf 85' lang='lat' dir='ltr'><strong>prf.</strong></span> <span class='ocrx_word' id='word_1_274' title='bbox 1049 3995 1120 4050; x_wconf 90' lang='lat' dir='ltr'><strong>Plin.</strong></span> <span class='ocrx_word' id='word_1_275' title='bbox 1133 3996 1167 4051; x_wconf 85' lang='lat' dir='ltr'><strong>N.</strong></span> <span class='ocrx_word' id='word_1_276' title='bbox 1180 3995 1215 4049; x_wconf 91' lang='lat' dir='ltr'><strong>H.</strong></span> <span class='ocrx_word' id='word_1_277' title='bbox 1228 3995 1281 4064; x_wconf 82' lang='lat' dir='ltr'><strong>pri.</strong></span> <span class='ocrx_word' id='word_1_278' title='bbox 1294 3997 1336 4051; x_wconf 79' lang='lat'><strong>25.</strong></span> 
     </span>
     <span class='ocr_line' id='line_1_35' title="bbox 296 4080 1336 4155; baseline 0 -19"><span class='ocrx_word' id='word_1_279' title='bbox 296 4081 451 4155; x_wconf 67' lang='lat' dir='ltr'><strong>putrore:</strong></span> <span class='ocrx_word' id='word_1_280' title='bbox 475 4081 645 4152; x_wconf 80' lang='lat' dir='ltr'><strong>Capitolinus</strong></span> <span class='ocrx_word' id='word_1_281' title='bbox 669 4086 726 4140; x_wconf 79' lang='lat' dir='ltr'><strong>viia</strong></span> <span class='ocrx_word' id='word_1_282' title='bbox 750 4084 867 4140; x_wconf 76' lang='lat' dir='ltr'><strong>Muoruu</strong></span> <span class='ocrx_word' id='word_1_283' title='bbox 892 4084 959 4151; x_wconf 73' lang='lat'><strong>15⁴3</strong></span> <span class='ocrx_word' id='word_1_284' title='bbox 987 4080 1264 4152; x_wconf 75' lang='lat' dir='ltr'><strong>offerre:me1id.</strong></span> <span class='ocrx_word' id='word_1_285' title='bbox 1288 4081 1336 4136; x_wconf 84' lang='lat' dir='ltr'><strong>vit.</strong></span> 
     </span>
     <span class='ocr_line' id='line_1_36' title="bbox 209 4167 1395 4234; baseline 0 -8"><span class='ocrx_word' id='word_1_286' title='bbox 209 4175 311 4228; x_wconf 87' lang='lat' dir='ltr'><strong>Anton.</strong></span> <span class='ocrx_word' id='word_1_287' title='bbox 329 4167 473 4234; x_wconf 74' lang='lat' dir='ltr'><strong>Heliogrb.</strong></span> <span class='ocrx_word' id='word_1_288' title='bbox 491 4188 513 4224; x_wconf 90' lang='lat' dir='ltr'><strong>o.</strong></span> <span class='ocrx_word' id='word_1_289' title='bbox 533 4171 574 4226; x_wconf 81' lang='lat'><strong>35.</strong></span> <span class='ocrx_word' id='word_1_290' title='bbox 1390 4221 1395 4234; x_wconf 82' lang='grc'>,</span> 
     </span>
     <span class='ocr_line' id='line_1_37' title="bbox 293 4251 1344 4330; baseline -0.011 -14"><span class='ocrx_word' id='word_1_291' title='bbox 293 4260 314 4330; x_wconf 81' lang='lat'><strong>⁸)</strong></span> <span class='ocrx_word' id='word_1_292' title='bbox 331 4259 446 4319; x_wconf 78' lang='lat' dir='ltr'><strong>nando:</strong></span> <span class='ocrx_word' id='word_1_293' title='bbox 469 4257 554 4312; x_wconf 87' lang='lat' dir='ltr'><strong>Firm.</strong></span> <span class='ocrx_word' id='word_1_294' title='bbox 577 4257 644 4318; x_wconf 85' lang='lat' dir='ltr'><strong>Mat.</strong></span> <span class='ocrx_word' id='word_1_295' title='bbox 663 4256 739 4325; x_wconf 85' lang='lat' dir='ltr'><strong>VIII,</strong></span> <span class='ocrx_word' id='word_1_296' title='bbox 757 4257 803 4323; x_wconf 79' lang='lat'><strong>33;</strong></span> <span class='ocrx_word' id='word_1_297' title='bbox 828 4253 892 4311; x_wconf 81' lang='lat' dir='ltr'><strong>edo:</strong></span> <span class='ocrx_word' id='word_1_298' title='bbox 916 4254 953 4312; x_wconf 84' lang='lat' dir='ltr'><strong>id.</strong></span> <span class='ocrx_word' id='word_1_299' title='bbox 971 4253 1054 4323; x_wconf 85' lang='lat' dir='ltr'><strong>IprI.</strong></span> <span class='ocrx_word' id='word_1_300' title='bbox 1072 4251 1149 4320; x_wconf 83' lang='lat' dir='ltr'><strong>ViII,</strong></span> <span class='ocrx_word' id='word_1_301' title='bbox 1166 4253 1216 4319; x_wconf 80' lang='lat'><strong>333</strong></span> <span class='ocrx_word' id='word_1_302' title='bbox 1241 4251 1344 4308; x_wconf 69' lang='lat' dir='ltr'><strong>nudor</strong></span> 
     </span>
     <span class='ocr_line' id='line_1_38' title="bbox 208 4337 1235 4416; baseline -0.011 -14"><span class='ocrx_word' id='word_1_303' title='bbox 208 4345 311 4402; x_wconf 85' lang='lat' dir='ltr'><strong>Statius</strong></span> <span class='ocrx_word' id='word_1_304' title='bbox 329 4345 389 4416; x_wconf 77' lang='lat' dir='ltr'><strong>silv.</strong></span> <span class='ocrx_word' id='word_1_305' title='bbox 406 4345 433 4400; x_wconf 95' lang='grc' dir='ltr'><strong>Π</strong></span> <span class='ocrx_word' id='word_1_306' title='bbox 448 4344 519 4416; x_wconf 85' lang='lat' dir='ltr'><strong>prI.;</strong></span> <span class='ocrx_word' id='word_1_307' title='bbox 536 4343 634 4400; x_wconf 77' lang='lat' dir='ltr'><strong><em>reddo:</em></strong></span> <span class='ocrx_word' id='word_1_308' title='bbox 650 4342 752 4412; x_wconf 84' lang='lat' dir='ltr'><strong>Aquila</strong></span> <span class='ocrx_word' id='word_1_309' title='bbox 769 4342 909 4398; x_wconf 85' lang='lat' dir='ltr'><strong>Romanus</strong></span> <span class='ocrx_word' id='word_1_310' title='bbox 928 4341 963 4395; x_wconf 88' lang='lat' dir='ltr'><strong>de</strong></span> <span class='ocrx_word' id='word_1_311' title='bbox 980 4339 1028 4409; x_wconf 85' lang='lat' dir='ltr'><strong>fig.</strong></span> <span class='ocrx_word' id='word_1_312' title='bbox 1045 4339 1164 4394; x_wconf 81' lang='lat' dir='ltr'><strong>sentent.</strong></span> <span class='ocrx_word' id='word_1_313' title='bbox 1181 4337 1235 4410; x_wconf 84' lang='lat' dir='ltr'><strong>prI.</strong></span> 
     </span>
    </p>
   </div>
   <div class='ocr_carea' id='block_1_7' title="bbox 0 0 1709 5150">
    <p class='ocr_par' dir='ltr' id='par_1_7' title="bbox 0 0 1709 5150">
     <span class='ocr_line' id='line_1_39' title="bbox 0 0 1709 5150; baseline 0 0"><span class='ocrx_word' id='word_1_314' title='bbox 0 0 1709 5150; x_wconf 95' lang='lat' dir='ltr'><strong> </strong></span> 
     </span>
    </p>
   </div>
  </div>
 </body>
</html>
