3392 5150
859 382 1013 482 ,0,

458 570 555 637 Liber
577 568 744 637 dedicatus
765 570 871 654 primo
893 567 961 636 eius
984 575 1040 650 cst,
1064 570 1108 636 ad
1130 591 1223 654 quem
1246 571 1385 656 scriptor
1402 570 1502 652 misit,

373 675 408 741 id
442 673 528 759 quod
563 670 650 738 infra
683 674 868 742 accuratius
897 673 1190 756 considerabimus,
1224 680 1424 748 tamennon
1452 671 1503 740 001

374 778 515 857 dubium,
546 777 624 862 quin
644 774 720 842 libri
741 775 882 843 dedicati
907 778 1097 863 plerumque
1117 796 1177 862 per
1198 777 1394 863 bibliopolas
1422 777 1503 844 editi

372 882 423 948 vel
451 880 573 967 publici
600 879 680 946 iuris
709 877 788 952 facti
823 879 897 946 sint.
948 880 1103 947 Accidere
1137 881 1260 965 potuit,
1295 887 1334 949 ut
1363 882 1503 967 scriptor

372 985 475 1068 ignoti
487 983 626 1058 nominis
639 982 758 1049 librum
767 982 913 1050 editmus
922 988 965 1062 et,
979 1005 1019 1050 ne
1029 1005 1092 1051 uon
1102 1005 1141 1049 ex
1150 989 1261 1069 optato
1270 984 1501 1070 divulgaretur,

373 1089 495 1155 veritus
517 1088 776 1171 circumspiceret
798 1086 951 1154 subsidia.
991 1087 1080 1166 Quae
1102 1086 1306 1154 dedicatione
1327 1089 1390 1155 sibi
1406 1106 1500 1172 prae-

373 1192 456 1259 stari
483 1195 575 1256 ratus
604 1210 686 1274 opus
712 1189 837 1256 homini
865 1191 1082 1282 summoloco
1109 1196 1188 1258 nato
1219 1191 1286 1258 sive
1312 1190 1501 1276 imperatori

373 1295 439 1379 ipsi
460 1295 524 1360 sive
553 1292 708 1359 nobilium
729 1292 857 1359 atridam
878 1293 1058 1379 inscripsit,
1086 1294 1176 1360 cuius
1198 1300 1236 1360 ut
1256 1295 1386 1379 patroni
1406 1313 1502 1379 prae·

369 1398 454 1472 sidio
468 1403 588 1464 tectum
596 1395 743 1483 prodiret
751 1396 785 1461 in
795 1396 902 1462 forum
913 1395 1091 1463 librarium.
1118 1397 1160 1478 Is,
1174 1398 1230 1483 qui
1243 1397 1361 1482 accipit
1372 1397 1500 1477 librum,

374 1502 563 1592 scriptorem
585 1499 679 1585 quasi
698 1499 926 1570 commendare
948 1499 1045 1568 debet
1066 1501 1260 1582 lectoribus,
1284 1500 1339 1584 qui
1361 1498 1500 1566 fautoris

372 1603 575 1672 veneratione
597 1602 810 1687 adducantur,
831 1608 870 1669 ut
891 1603 1028 1688 benigno
1045 1604 1137 1670 vultu
1159 1605 1320 1689 excipiant
1341 1605 1498 1671 clientem.

372 1707 538 1788 Quomodo
569 1704 641 1772 fieri
670 1708 790 1792 potuit,
824 1711 863 1772 ut
894 1727 996 1773 nouus
1027 1707 1167 1792 scriptor
1197 1707 1266 1774 sine
1296 1708 1425 1797 nomine
1456 1707 1499 1774 ab

371 1811 499 1878 homine
523 1830 666 1876 summae
693 1810 900 1878 auctoritatis
929 1808 1059 1878 adiutus
1086 1809 1175 1878 brevi
1196 1815 1340 1895 tempore
1362 1810 1500 1896 gratiam

371 1916 546 1980 multorum
568 1912 631 1980 sibi
657 1912 859 1994 conciliaret,
887 1913 979 1994 libri,
1007 1914 1042 1981 id
1071 1916 1159 2000 quod
1185 1918 1324 1982 maxime
1351 1914 1382 1980 ei
1410 1913 1500 1982 cordi

372 2023 453 2100 erat,
475 2017 518 2084 ab
540 2017 687 2083 omnibus
708 2016 901 2101 legerentur.

457 2121 522 2189 Sed
542 2141 607 2187 non
630 2140 741 2187 omnes
763 2120 867 2204 gloria
890 2120 1038 2208 contenti,
1061 2140 1132 2188 esse
1159 2126 1327 2208 poterant,
1356 2121 1420 2188 nisi
1447 2140 1499 2188 res

370 2224 540 2292 familiaris
570 2222 802 2307 suppeditabat
830 2224 893 2303 ita,
917 2218 960 2288 ¹ut
988 2243 1100 2290 secure
1127 2226 1279 2291 virerent
1326 2227 1408 2292 Nam
1436 2224 1500 2290 etsi

370 2327 449 2395 libri
465 2329 628 2415 permulta
644 2326 790 2411 exempla
805 2325 966 2407 venibant,
989 2324 1131 2393 fructum
1147 2330 1293 2413 percepit
1308 2327 1498 2412 bibliopola,

369 2431 521 2519 scriptori
551 2431 691 2516 pretium
722 2451 839 2515 operae
871 2429 994 2495 solvere
1023 2450 1093 2496 mos
1123 2452 1186 2496 non
1222 2437 1301 2497 erat.
1311 2431 1333 2512 ¹)
1382 2432 1497 2516 Itaque

370 2540 517 2602 auctores
538 2554 575 2600 re
604 2531 758 2600 familiari
780 2533 917 2600 destitt
865 2537 930 2599 1
951 2554 991 2600 ex
1012 2533 1211 2600 liberalitate
1234 2533 1306 2600 faut
1292 2539 1399 2600 torum
1420 2555 1497 2618 pen·

368 2639 497 2718 debant,
517 2659 613 2721 quam
630 2637 692 2702 01
682 2656 717 2702 ιιι
735 2656 770 2702 00
788 2640 1020 2716 converterant,
1040 2636 1241 2704 dedicatione
1259 2639 1308 2703 uti
1325 2657 1497 2704 consuere-

367 2746 453 2808 runt.
505 2739 624 2807 Statim
658 2742 863 2825 perspicuum
895 2745 945 2807 est
976 2740 1063 2806 hanc
1093 2740 1232 2806 adrem
1259 2740 1496 2824 impetrandam

366 2844 553 2910 vilissimam
575 2864 669 2928 saepe
692 2841 873 2909 adhibitam
895 2865 967 2910 esse
989 2843 1217 2912 adulationem.

453 2948 558 3028 Quam
579 2946 763 3032 opinionem
785 2945 881 3028 quasi
901 2947 1156 3031 praeindicatam
1175 2967 1285 3013 reram
1303 2965 1371 3013 osse
1389 2966 1494 3012 exem·

365 3051 429 3139 plis
451 3051 661 3137 sequentibus
677 3049 885 3133 probabitur.

450 3153 613 3222 Martialis
640 3153 738 3220 hac
727 3174 762 3219 m
791 3173 827 3219 re
855 3158 987 3237 praeter
1015 3174 1050 3220 00
1052 3159 1141 3219 toros
1169 3151 1271 3218 floret.
1315 3103 1404 3218 Nihil
1425 3153 1494 3220 eius

335 3259 523 3326 'interesse
551 3259 793 3344 imperatorem,
830 3255 872 3322 ad
901 3278 996 3341 quem
1025 3256 1154 3336 scribit,
1189 3255 1345 3323 librum
1335 3257 1494 3340 mspioere

365 3363 585 3447 cognoscimus
598 3361 744 3446 iuspecto
756 3380 861 3446 prrmo
872 3359 1060 3444 qmntrhbrr
1069 3360 1326 3445 epigrammaton
1336 3380 1492 3428 carmine:

494 3465 563 3532 Hoc
584 3464 641 3532 uti
663 3517 670 3534 .
695 3514 734 3532 ..

589 3567 709 3636 caso
731 3617 739 3632 .
763 3614 802 3636 ..

494 3671 665 3754 1111111000,
688 3691 796 3738 rerum
814 3670 894 3754 felic
915 3670 1013 3736 101010
1033 3669 1190 3754 saboque.

495 3775 544 3858 111
565 3780 699 3842 aaran.
711 3775 859 3857 00010100,
882 3793 936 3858 epo
957 3779 986 3840 10
1008 3773 1263 3858 1091εο000010

447 3877 563 3962 Itaque
598 3899 664 3946 non
699 3874 832 3942 01100101
864 3875 1018 3944 iudicium
1053 3876 1139 3955 eius,
1175 3897 1271 3961 quem
1305 3876 1490 3961 alloquitur.

362 3979 572 4049 Dedicstione
593 3999 658 4046 non
679 3979 746 4046 iam
767 3981 959 4064 exprimitur
981 4000 1072 4046 amor
1089 3977 1287 4064 affectusque
1305 3979 1489 4062 scriptoris:

449 4135 468 4206 ¹)
487 4135 566 4204 Quod
584 4136 627 4188 sat
642 4133 711 4188 mihi
733 4133 935 4189 demonstrasse
958 4133 1069 4189 videtur
1085 4133 1234 4203 Haennyus
1250 4134 1280 4186 in
1297 4133 1389 4202 capite
1405 4134 1489 4188 tertio

362 4219 577 4291 dissmtationis,
602 4220 647 4276 cui
668 4220 782 4275 titulum
806 4221 961 4290 inscripsit:
986 4221 1046 4275 das
1070 4219 1284 4275 Verholtnis
1308 4219 1489 4274 zwischen

361 4305 475 4362 Autor
492 4308 564 4362 und
581 4307 711 4362 Editor
728 4308 765 4377 (p.
783 4309 903 4378 45-88).
