3392 5150
355 711 475 779 Fausto
498 710 712 778 committitur
732 709 780 776 vel
800 713 905 775 totum
928 710 1118 795 opuseulum
1140 710 1250 794 edere,
1276 712 1328 780 rel
1349 713 1478 800 singula

355 815 499 880 carmina
518 833 578 900 por
600 813 719 881 amicos
741 811 975 893 distribuere.¹)

440 915 562 984 Summi
588 917 653 986 hac
674 917 708 982 in
728 936 765 983 rs
791 915 890 1000 pretii
919 920 995 982 sunt
1016 915 1214 984 Graecorum
1241 937 1370 1004 quoqne
1397 939 1476 986 non·

354 1020 620 1108 nullsexempla
664 1019 805 1087 Galenus
828 1019 1045 1086 enimomnes
1071 1018 1139 1086 fere
1166 1019 1268 1090 libros
1297 1022 1476 1107 composuit

354 1126 532 1193 amicornm
553 1125 667 1209 gratia,
689 1144 761 1189 cum
783 1128 893 1188 tamen
916 1124 1079 1210 expressis
1095 1123 1201 1191 verbis
1219 1124 1343 1192 diceret
1360 1145 1395 1192 se
1411 1146 1475 1192 non

354 1229 396 1297 ad
418 1229 590 1296 sditionem
612 1246 712 1312 opera
733 1244 940 1312 componere;
968 1224 1009 1292 cl.
1032 1228 1073 1295 de
1100 1228 1271 1296 amtomio,
1293 1229 1474 1298 administr.

353 1336 412 1403 al
432 1333 482 1401 od.
499 1332 595 1398 Kiihn
612 1331 645 1397 Π
662 1353 693 1416 p.
717 1334 801 1420 216,
821 1351 868 1414 sq.
890 1339 933 1423 τῷ
949 1330 1062 1425 Βοηθγ
1078 1331 1228 1417 (petenti)
1247 1333 1342 1402 ἔδωκα
1358 1335 1473 1414 ἐξιόντι,

296 1477 301 1487 ·
352 1458 383 1522 p.
414 1439 477 1503 217
493 1485 520 1524 u
562 1431 770 1516 ἀποθανόντος
805 1439 838 1503 δὲ
873 1432 1010 1527 sassiaco
1046 1437 1158 1523 συνέβη
1188 1431 1227 1502 τοί
1263 1430 1475 1524 ὑπομνήματα

352 1546 487 1610 ἐκπεσεῖν
514 1534 553 1620 ὦς
580 1539 759 1628 κτήσασθαι
785 1532 913 1619 πολλοδς
940 1534 1019 1607 eisd
1045 1543 1141 1606 καίτοι
1167 1533 1234 1626 y'os'
1259 1542 1332 1625 πρὸς
1359 1541 1476 1608 ἔκδοσιν

352 1643 393 1733 ἦν
421 1640 570 1731 γιγονδτω
612 1640 687 1708 Alio
708 1641 781 1708 loco
810 1640 1042 1729 (θεραπευτικῆς
1062 1641 1198 1726 μεθόδου
1223 1641 1300 1708 libri
1322 1643 1383 1710 VII
1403 1643 1474 1709 init

352 1747 383 1813 X
400 1767 432 1831 p.
449 1747 528 1833 456)
545 1765 580 1812 se
597 1766 758 1832 umquam,
780 1750 818 1812 nt
835 1746 971 1830 gloriam
988 1745 1051 1812 sibi
1068 1751 1241 1830 comparet,
1258 1747 1474 1832 composuisse

350 1848 451 1934 libros
471 1853 587 1934 negat,
617 1849 675 1916 scd
696 1854 733 1915 ut
754 1848 873 1915 amicos
895 1848 1029 1915 edoceat
1051 1868 1150 1934 seque
1178 1855 1343 1930 exerceat,
1373 1871 1474 1934 quare

349 1975 384 2020 se
419 1973 594 2039 numquam
626 1972 743 2018 nomen
777 1972 870 2018 suum
899 1951 1103 2036 inscripsisse
1132 1951 1294 2037 operibus.
1328 1954 1474 2040 Denique

350 2067 418 2146 napi
445 2057 505 2128 τῶν
533 2061 616 2127 ἰδίων
642 2061 766 2143 βιβλίων
793 2056 863 2121 init
885 2055 963 2122 XIX
984 2080 1016 2143 p.
1041 2058 1102 2145 10³
1126 2076 1189 2141 naq-2
1218 2062 1329 2147 φίλοις,
1357 2059 1472 2143 inquit,

349 2157 409 2251 γδρ
431 2163 450 2250 ἢ
470 2170 629 2250 μαθηταῖς
650 2165 762 2230 ἐδίδοτο
783 2168 875 2247 χωρίς
895 2159 1073 2248 ἐπιγραφῆς,
1095 2166 1133 2241 ως
1153 2162 1189 2230 ἂν
1212 2158 1279 2231 otti
1302 2157 1374 2248 πρδς
1391 2163 1472 2230 ἔκδο-

350 2292 397 2334 σιν
424 2262 491 2334 ἄλλ’
519 2261 622 2345 αὐτοῖς
649 2268 766 2344 ἐκείνοις
792 2263 932 2351 γεγονότα
958 2270 1093 2350 δεηθεῖσι
1121 2302 1163 2312 -
1191 2274 1258 2351 περὶ
1282 2264 1335 2353 τῆς
1362 2267 1472 2346 τάξεως

350 2366 413 2437 τῶν
440 2371 526 2436 ἰδίων
553 2370 678 2453 βιβλίον
704 2365 779 2435 XIX
807 2390 839 2453 p.
865 2372 924 2453 511
955 2364 1037 2432 haec
1065 2365 1215 2450 legimus:
1246 2363 1299 2436 οἰκ
1328 2363 1471 2456 ὦρέχθην

349 2467 535 2541 σιῖδεπώνιοτι
563 2469 623 2539 τῶν
650 2468 733 2556 ἒμῶν
760 2469 988 2556 δπογινημοίτων
1015 2465 1100 2538 ον’δὲν
1127 2475 1160 2538 ἐν
1187 2465 1358 2559 ἀνθρώποις
1384 2469 1468 2539 εἶναι.

347 2573 528 2640 Diluoidius
550 2593 647 2657 quam
668 2569 776 2639 ierbis
799 2570 913 2638 Galerii
942 2571 1005 2639 dici
1026 2575 1078 2640 rix
1105 2577 1215 2658 potest
1243 2571 1286 2639 ad
1307 2574 1469 2640 notionem

346 2675 558 2744 dedicationis
581 2697 662 2761 opus
684 2696 749 2742 non
770 2673 870 2741 fuisse
892 2673 1042 2743 editione.

431 2781 477 2848 Ut
494 2778 626 2860 Galeno,
649 2779 698 2846 its
715 2778 853 2845 Arriano
875 2779 976 2844 invito
997 2777 1074 2846 libri
1094 2781 1231 2861 ἐξέπεσον
1247 2780 1280 2845 in
1296 2778 1468 2864 publicum,

346 2883 467 2969 quade
483 2904 584 2950 causa
599 2882 739 2949 breviter
756 2881 882 2948 dicatur
898 2880 939 2947 de
956 2881 1027 2967 hoc,
1046 2903 1241 2969 quamquam
1259 2903 1323 2948 non
1339 2885 1469 2968 proprie

344 2986 488 3073 pertinet
509 2985 631 3052 adhoc
648 2990 754 3072 caput.
790 2985 838 3052 Ne
855 2985 883 3051 is
902 2984 1033 3071 quidem
1049 2984 1176 3068 librum,
1195 3005 1290 3070 quom
1306 2986 1470 3071 inscripsit

342 3086 519 3178 Ἐπικτήτου
539 3094 704 3178 διατριβαί,
733 3089 828 3156 edere
850 3088 968 3168 voluit,
998 3091 1032 3156 id
1063 3090 1149 3175 quod
1179 3089 1399 3174 cognoscimus
1429 3110 1468 3155 ex

343 3193 486 3281 epistula
507 3193 549 3259 ad
569 3193 605 3259 L.
628 3190 767 3259 Gellium
787 3191 876 3272 data,
898 3192 955 3259 nbi
977 3191 1057 3258 dicit
1078 3213 1112 3258 se
1132 3191 1234 3257 inrito
1255 3191 1289 3257 in
1306 3191 1468 3276 publicum

343 3295 504 3382 prodiisse
526 3295 800 3362 commentarium.
840 3295 957 3362 Utrum
978 3318 998 3362 a
1019 3295 1123 3379 primo
1145 3316 1226 3379 opus
1244 3294 1346 3363 Gellio
1367 3295 1468 3362 fuerit

342 3400 542 3479 dedicatum,
571 3419 612 3466 an
641 3398 765 3465 editum
787 3400 913 3465 demum
935 3398 965 3463 ei
986 3399 1116 3465 missum
1139 3398 1183 3464 sit
1203 3397 1381 3466 diiudicare
1402 3420 1466 3465 non

342 3524 525 3589 possumus.
556 3503 702 3569 Litterae
717 3502 829 3586 utique
843 3501 886 3568 ab
899 3501 1037 3568 Arriano
1051 3500 1178 3568 edituro
1190 3501 1309 3568 librum
1326 3502 1466 3586 scriptas

342 3627 413 3674 csse
442 3607 694 3691 debentneque
723 3607 788 3673 alio
818 3605 912 3671 modo
943 3626 1039 3690 quam
1073 3610 1111 3671 ut
1143 3604 1357 3671 dedicationis
1385 3609 1466 3672 nota

340 3710 485 3796 intellegi
505 3714 650 3797 possunt.
695 3707 845 3776 Ceterum
865 3712 954 3793 puto,
975 3713 1013 3775 nt
1035 3709 1121 3792 apud
1144 3708 1385 3792 Quintilianum,
1408 3729 1464 3776 eas

339 3833 411 3882 esse
433 3814 582 3898 scriptas,
602 3818 640 3879 ut
661 3816 776 3880 auctor
797 3809 954 3898 effugeret
974 3811 1136 3878 insidiam
1531 3793 1539 3824 ⁸

425 3918 571 4003 Denique
585 3915 808 4004 Augustinum,
821 3921 859 3983 ut
871 3919 1079 3997 revertamur,
1097 3913 1181 3981 unde
1195 3914 1331 3999 digressi
1345 3936 1462 3997 sumus,

425 4091 444 4162 ¹)
462 4089 565 4143 Birtius
584 4089 621 4158 (p.
639 4088 698 4158 118)
716 4088 790 4142 hunc
806 4087 939 4142 Faustum
956 4087 1017 4142 vult
1034 4105 1094 4142 esse
1120 4085 1297 4157 bibliopolam
1315 4087 1461 4157 (ἤνωγον)

338 4193 428 4245 nsque
452 4176 541 4230 habeo
565 4175 664 4243 quibus
688 4175 776 4229 causis
800 4190 863 4229 eum
887 4173 1018 4229 refellam
1061 4174 1178 4228 Faustus
1202 4174 1313 4228 videtur
1336 4172 1461 4226 libellum

337 4263 497 4333 probavisse
520 4264 549 4316 ot
566 4260 700 4329 edidisse,
724 4247 844 4329 litteras,
869 4260 968 4329 quibus
984 4260 1119 4314 Luxorius
1136 4259 1269 4313 iudicium
1286 4258 1311 4311 ei
1328 4258 1461 4327 permisit,

337 4348 409 4403 libro
425 4347 562 4419 praefixit,
579 4350 612 4400 ut
624 4346 762 4400 dedicatio
776 4345 953 4417 significetur,
971 4363 1035 4401 narn
1048 4346 1084 4400 de
1097 4345 1271 4399 dedicatione
1284 4344 1460 4414 cogitandum

337 4449 397 4489 esse
414 4449 575 4504 persuasum
592 4433 690 4501 habeo;
708 4432 742 4487 cf.
760 4432 845 4487 verbs
863 4433 913 4488 sont
927 4433 1049 4489 casatos
1066 4430 1212 4498 ννσοσοιίσνῖ.
