3392 5150
874 411 895 478 4

808 500 961 517 ψ...-

407 595 587 685 Scriptores
600 595 745 669 Graecos
761 606 796 668 et
808 601 943 668 Latinos
960 605 1130 688 separatos
1146 601 1284 672 tractui
1297 604 1450 688 oportere

320 703 399 771 mibi
413 724 478 771 non
490 704 595 772 visum
608 709 675 788 est;
687 705 784 772 immo
797 705 915 772 iterum
929 725 969 774 sc
982 705 1112 792 saepius
1125 706 1167 774 ad
1180 703 1449 778 demonstrandas

319 827 383 890 res,
405 827 486 894 quaa
502 808 597 891 volui,
616 808 769 893 exemplis
788 808 922 878 Graecis
941 814 973 877 et
990 809 1114 877 Latinis
1130 809 1255 897 pariter
1271 831 1349 876 usus
1367 830 1448 891 aum,

318 913 511 997 praesertim
533 931 607 978 cum
628 911 723 998 longe
745 914 904 981 maximus
920 934 1073 981 numerus
1091 913 1329 982 dedicationum
1347 911 1448 980 Grae·

319 1036 430 1083 carum
461 1017 505 1082 eit
535 1017 605 1082 eius
636 1016 770 1098 aetatis,
802 1039 868 1103 qua
898 1039 963 1084 non
992 1017 1060 1084 inm
1090 1037 1131 1084 ex
1161 1017 1298 1083 Athenis
1327 1016 1380 1084 vel
1409 1037 1449 1082 ex

318 1119 519 1188 Alexandria
539 1119 717 1207 penderent
736 1120 869 1188 litterae
891 1121 1036 1188 Graecae
1058 1120 1116 1188 sed
1138 1141 1178 1188 ex
1198 1121 1308 1188 Roma
1352 1120 1448 1187 Certe

318 1223 435 1291 Graeci
449 1229 483 1290 et
497 1224 633 1291 Romani
646 1225 673 1292 si
686 1223 785 1291 libros
804 1246 880 1291 suos
897 1223 1082 1290 hominibus
1102 1226 1213 1292 amicis
1227 1222 1448 1290 fautoribnsve

321 1328 404 1394 dono
427 1326 567 1409 (labent,
595 1326 681 1398 idem
703 1326 911 1412 spectabant,
942 1327 1028 1394 idem
1051 1327 1257 1413 cogitabant,
1287 1326 1351 1394 etsi
1377 1346 1446 1393 mos

319 1429 420 1498 libros
443 1424 612 1498 dedicandi
632 1451 692 1516 per
714 1449 750 1497 se
773 1430 860 1516 apud
880 1434 1038 1516 utrosque
1059 1435 1151 1498 ortus
1173 1436 1239 1512 est,
1259 1432 1308 1497 ita
1328 1436 1366 1497 nt
1387 1449 1447 1497 nec

318 1535 456 1601 Romani
478 1534 621 1602 Graecos
642 1553 703 1600 nec
725 1533 841 1600 Graeci
862 1533 1026 1602 Romanos
1047 1534 1167 1602 imitati
1193 1534 1294 1601 librae
1323 1535 1445 1601 donare

317 1639 489 1723 coeperint,
509 1639 543 1705 id
566 1636 653 1723 quod
671 1639 740 1705 sine
758 1637 855 1704 dubio
874 1636 1001 1704 accidit.
1042 1638 1150 1718 Quare
1166 1637 1296 1704 minime
1314 1637 1446 1704 dubium
1516 1682 1518 1690 η

316 1746 376 1824 eet,
398 1743 477 1828 quin
499 1763 538 1809 ex
558 1741 691 1826 paribus
712 1740 808 1828 quasi
824 1739 1042 1808 fundamentis
1064 1746 1155 1808 ortus
1176 1742 1220 1808 sit
1240 1762 1300 1829 par
1315 1761 1395 1809 usus
1409 1740 1446 1806 in

315 1844 414 1912 rebus
443 1845 486 1912 ed
514 1845 746 1912 dedicationem
781 1845 1020 1931 spectantibus,
1054 1850 1226 1931 postquam
1262 1845 1380 1913 Graeci
1411 1848 1445 1911 et

316 1949 451 2017 Romani
471 1951 558 2016 inter
579 1969 614 2016 se
634 1949 739 2035 magis
755 1949 925 2033 magisque
942 1947 1097 2016 confundi
1115 1948 1222 2033 coepti
1240 1953 1325 2030 sunt,
1347 1967 1444 2033 quam

316 2053 357 2118 ad
379 2072 448 2118 rem
469 2051 709 2142 perficiendam,
731 2051 760 2117 si
782 2051 877 2118 modo
899 2072 979 2138 opus
1001 2057 1082 2134 erat,
1103 2051 1239 2120 multum
1262 2051 1444 2118 attulerunt

314 2155 390 2222 libri
414 2177 434 2223 a
456 2156 589 2223 Graecis
612 2156 762 2223 Romanis
784 2155 935 2222 dedicati.

1680 590 1688 626 t

1684 887 1690 924 t

1673 941 1692 981 ομ
