3392 5150
734 441 887 542 -ιι-

242 629 451 724 incestabatur
465 628 540 722 προς
553 635 722 719 πολιορκίας
735 627 889 720 εὔχρηστα
904 633 1038 719 ἔπεμψα.
1061 631 1108 700 Ne
1117 631 1253 718 denique
1267 631 1376 701 desini

242 739 368 806 Bitonis
375 738 485 805 verba:
495 737 549 806 ὅσα
557 741 615 822 μὲν
621 735 756 821 μάλιστα
762 739 943 823 ἕοομίζομίν
950 765 995 806 σα
1002 739 1143 824 ἁρμόζειν
1150 733 1375 825 οἷνεγράψαμοα.

328 842 381 909 iu
393 839 630 926 philosophiam
644 843 800 924 spectant
817 860 902 925 quae
920 839 1034 908 scribit
1046 842 1195 908 Annmus
1213 841 1375 908 Cornutus

244 945 287 1011 ad
308 931 410 1012 filium
432 944 477 1010 de
499 948 651 1010 natura
673 941 849 1009 deorum.

329 1047 554 1115 Artemidorus
576 1047 776 1113 somniorum
797 1047 1064 1131 interpretationi
1086 1046 1197 1114 studet
1217 1047 1252 1112 in
1272 1045 1374 1128 libris,
1496 1105 1498 1112 .

244 1152 301 1238 qni
313 1151 537 1219 inscribuntur
555 1147 771 1237 beaurepaire,
791 1150 826 1216 in
839 1171 931 1217 usum
945 1150 1050 1217 Cassii
1061 1149 1195 1218 Maximi
1208 1149 1376 1218 cuiusdam

243 1262 276 1323 et
297 1255 398 1341 ipsius
420 1254 479 1322 filii
502 1255 699 1340 compositis.

328 1359 378 1425 De
394 1358 534 1425 historia
551 1363 640 1424 recte
665 1357 898 1424 conscribenda
913 1357 1075 1424 Lucienus
1094 1357 1224 1425 Philoni
1248 1356 1376 1424 cuidam

243 1462 546 1530 commentationem
574 1460 676 1527 mittit
705 1468 742 1541 (n.
773 1465 835 1527 632.
858 1449 946 1542 οὗτος
974 1487 1020 1529 σοι
1047 1464 1144 1530 κανών
1171 1469 1221 1530 καὶ
1249 1457 1376 1550 usatica*

244 1572 376 1654 ἱστορίας
398 1566 533 1650 δικαίας).

329 1669 523 1756 Lycopbron
557 1668 592 1734 in
626 1667 767 1734 carmine
802 1668 958 1751 inscripto
991 1666 1264 1750 „Alexandra‘
1296 1689 1325 1736 u.
1357 1673 1373 1734 l

243 1775 409 1863 νητρεκοῶς
437 1795 472 1841 se
500 1776 710 1838 narraturum
737 1772 862 1855 inquit,
893 1791 977 1855 quae
1004 1771 1256 1856 interrogaverit
1278 1771 1317 1858 (v.
1342 1773 1374 1837 1:

244 1879 264 1947 a
288 1879 320 1963 μ’
345 1879 486 1963 ἱστορεῖς)
510 1873 715 1942 Ptolemaeus
739 1872 989 1959 Philadelphum
1015 1875 1057 1940 ad
1081 1875 1265 1942 cumcuim
1288 1874 1376 1942 vide·

243 1987 299 2048 tur
322 1978 502 2064 scripsisse.

330 2083 513 2151 Historiam
529 2082 714 2148 naturalem
730 2083 765 2148 in
783 2087 989 2166 conspectum
1002 2086 1098 2148 vocat
1113 2081 1288 2168 Oppianus,
1305 2103 1376 2149 cum

245 2186 431 2254 conscribat
466 2186 729 2267 Halieutiea‚
768 2204 886 2269 poema
926 2185 1124 2252 didacticum
1159 2186 1202 2252 ad
1236 2188 1376 2272 impera·

245 2297 332 2358 tores
362 2290 406 2355 M.
431 2289 596 2356 Aurelium
627 2289 910 2374 commodumque.
950 2289 1145 2375 Imperatori
1173 2289 1376 2356 etiam'Iulii

245 2395 385 2462 Pollucis
414 2394 571 2461 librorum
601 2393 710 2459 decem
739 2389 937 2480 ὄνομαστικόν
968 2393 1113 2460 dicatum
1142 2397 1209 2474 est,
1239 2399 1278 2459 ut
1306 2394 1375 2478 ipse

245 2499 324 2564 dicit
350 2498 385 2564 in
412 2497 555 2584 epistula
576 2496 682 2582 primo
705 2495 789 2564 libro
811 2495 974 2581 praefixa:
997 2493 1070 2585 προς
1091 2493 1275 2586 εὖγλωττίαν
1297 2524 1374 2584 σομ-

241 2601 394 2689 saboiam
412 2655 419 2668 .
436 2655 469 2669 ..

327 2705 435 2772 Simile
464 2725 545 2789 opus
565 2703 766 2789 Phrynichus
797 2699 934 2791 (ἐκλογήν
961 2704 1107 2794 ῥημάτων
1135 2713 1186 2774 καὶ
1211 2699 1373 2790 ὅνομοὶτων

240 2807 396 2895 Ἀττικῶν)
438 2808 619 2893 composuit
644 2808 754 2875 iussus
785 2828 806 2873 a
843 2805 1035 2874 Corneliano
1075 2807 1216 2891 quodam
1260 2807 1372 2893 (praef.

242 2915 435 2993 κελεύσαντος
455 2941 511 2981 σου
528 2959 536 2974 ·
556 2915 585 2996 ..)

215 3051 217 3056 ·
328 3019 440 3103 Neque
461 3016 567 3083 minor
589 3019 640 3081 est
662 3033 812 3080 numerus
834 3013 994 3082 librorum
1016 3036 1037 3081 a
1057 3015 1208 3082 Romanis
1237 3014 1373 3100 scripto-

242 3121 332 3187 ribus
366 3119 591 3186 instructionis
623 3138 722 3184 causa
752 3117 796 3182 ad
825 3118 971 3183 homines
1003 3117 1160 3200 quosdam
1190 3119 1374 3200 missorum,

213 3282 216 3286 .
242 3226 462 3309 nequeminus
476 3220 1072 3307 saepeRomanivoluntatiamicorum
1081 3221 1373 3306 moremgerebant.

326 3328 471 3393 Primum
507 3326 618 3393 statim
652 3324 831 3408 exemplum
867 3327 902 3390 iu
936 3325 1121 3390 litterarum
1155 3325 1375 3390 Romanarum

242 3429 379 3496 historia
410 3430 538 3497 obvium
567 3429 631 3495 huc
659 3429 817 3515 pertinet,
854 3429 926 3494 dico
956 3428 1080 3512 scripta
1109 3427 1256 3509 Catonis,
1291 3420 1374 3512 quae

241 3553 360 3618 magna
388 3555 427 3599 ex
454 3539 548 3619 parte
579 3532 759 3616 composita
787 3532 821 3597 in
852 3553 946 3598 usum
974 3531 1033 3598 filii
1061 3532 1375 3616 comprehenduntur

241 3636 370 3704 nomine
400 3641 644 3724 „praecepta
666 3636 714 3703 ad
735 3636 888 3702 filium“
914 3635 1008 3719 (Non.
1030 3637 1137 3723 143‚,)‚
1165 3635 1282 3732 quibus
1300 3657 1374 3702 con·

179 3815 181 3818 ,
240 3740 338 3807 timeri
365 3740 537 3806 verisimile
567 3745 616 3806 est
645 3742 854 3825 quaestiones
877 3739 919 3806 ad
942 3743 1046 3806 artem
1069 3741 1262 3820 oratoriam,
1290 3739 1374 3806 mili-

241 3849 354 3924 tarem,
377 3843 542 3924 medicam,
564 3844 606 3909 ad
628 3843 861 3926 agriculturam
883 3848 1075 3928 spectantes.

328 3947 478 4014 Omnium
519 3949 714 4032 scriptorum
749 3948 968 4014 Romanorum
1009 3947 1149 4013 maxime
1184 3947 1225 4013 ab
1259 3948 1373 4015 amicis

242 4051 387 4118 discendi
419 4051 543 4136 cupidis
573 4050 750 4117 vexabatur
773 4050 893 4118 Cicero.
938 4050 1181 4135 Interrogantes
1203 4051 1376 4118 occurrunt

242 4155 379 4234 Quintus
408 4153 511 4221 frater
538 4153 640 4238 ipsius
670 4158 703 4220 et
732 4154 870 4232 Brutus;
903 4154 998 4220 huius
1026 4153 1186 4222 voluntati
1214 4153 1376 4223 satisfacit

242 4259 371 4325 condito
414 4258 513 4338 libro,
559 4259 613 4344 qui
656 4256 847 4324 inscribitur
891 4263 1036 4325 orator
1079 4265 1121 4343 (c.
1156 4264 1190 4324 1:
1230 4259 1287 4326 tui
1323 4281 1373 4330 ro·

241 4364 331 4449 pacti
350 4411 356 4426 .
376 4368 416 4460 .);
444 4369 615 4450 praeterea
643 4364 746 4449 ipsios
761 4363 910 4449 promtus
924 4384 1030 4446 poene
1060 4364 1216 4434 addamus
1244 4365 1374 4450 scripsit
