3392 5150
673 497 827 594 „gs—

185 706 363 772 possemua,
383 686 448 754 nisi
464 706 569 772 pauca
585 685 684 752 rerba
701 684 850 753 facienda
868 690 978 753 essent
996 684 1037 752 de
1057 706 1102 766 re,
1124 704 1217 771 quae,
1240 704 1314 750 cum

185 790 339 877 respiciat
367 791 411 857 ad
436 792 575 875 primam
602 792 637 856 et
664 789 829 876 pertineat
856 789 898 856 ad
926 789 1062 856 alteram
1091 794 1226 874 partem,
1254 809 1312 874 ap÷

185 893 312 960 tissime
334 892 418 960 hunc
439 892 578 960 medium
599 893 706 960 locum
728 894 874 978 optinere
895 893 1032 960 videtur.

272 1013 520 1101 Oonumplandi
550 1019 642 1094 aunt,
671 1032 712 1078 ne
741 1011 856 1098 longus
887 1013 963 1095 sim,
993 1012 1139 1079 nonnulli
1168 1014 1314 1099 ipsorum

187 1121 333 1183 veterum
360 1109 556 1205 scriptorum
583 1118 654 1196 loci,
686 1115 805 1201 quibus
827 1120 860 1183 et
888 1116 1033 1204 suppleri
1053 1119 1200 1201 possunt,
1229 1135 1314 1201 quae

187 1239 287 1304 supra
308 1221 510 1305 exposuimus
532 1219 572 1285 de
595 1220 703 1287 causis
726 1218 972 1300 dedicationum,
1001 1223 1035 1285 et
1055 1217 1216 1305 quomodo
1238 1217 1315 1284 libri

188 1323 328 1391 dedicati
361 1323 605 1410 distinguantur
633 1345 654 1392 a
688 1323 804 1390 ceteris
840 1325 1026 1406 edocemur,
1056 1325 1106 1390 cui
1135 1325 1315 1410 quaestioni

188 1427 293 1495 altere
324 1432 418 1513 perte
454 1429 595 1495 animum
625 1428 836 1497 advertemus.
886 1427 944 1494 His
978 1427 1057 1494 locis
1086 1428 1201 1513 quanti
1229 1427 1316 1511 apud

186 1531 339 1616 antiquos
361 1531 480 1600 donum
501 1531 577 1600 libri
600 1532 805 1600 aestimatum
828 1533 872 1598 sit
889 1533 1120 1618 cognoscimus.
1151 1532 1315 1599 Summum

186 1636 341 1703 honorem
358 1635 503 1704 habebat
519 1637 559 1719 is,
577 1627 679 1722 quem¹
689 1636 829 1721 scriptor
845 1635 881 1701 in
898 1636 982 1703 libro
996 1637 1189 1704 allocutione
1203 1636 1316 1719 digna-

185 1739 294 1821 batur,
311 1738 459 1807 videlicet
471 1761 509 1806 eo
522 1741 685 1820 maiorem,
704 1759 768 1825 quo
785 1738 945 1806 celebrior
961 1747 1032 1807 erat
1049 1742 1196 1826 scriptor,
1214 1753 1317 1825 quase

186 1865 251 1910 non
279 1842 379 1912 semel
405 1843 552 1911 homines
581 1845 769 1911 ambitiosos
797 1843 991 1910 contendere
1015 1845 1170 1926 videmus,
1196 1849 1234 1911 ut
1254 1829 1317 1909 hoc

185 1946 309 2013 honore
332 1947 374 2013 ab
396 1952 529 2014 auctore
551 1948 691 2033 quodam
712 1944 909 2015 afficiantur.
954 1947 997 2013 Hi
1019 1950 1096 2014 sunt
1116 1948 1194 2014 loci:

274 2067 338 2133 (lic.
357 2068 401 2134 ad
420 2068 498 2133 lam.
516 2067 566 2154 V,
591 2067 646 2147 (ad
667 2068 816 2147 Brutum)
838 2087 950 2134 umnec
968 2073 1005 2134 ut
1024 2073 1168 2136 nostum
1188 2069 1317 2152 seraptis

186 2169 364 2237 ilbutretar
386 2176 415 2238 ct
435 2171 605 2238 cclcbrctm
625 2173 698 2238 tacis,

273 2289 428 2358 Similiter
469 2292 658 2358 Lactantius
702 2293 737 2357 in
779 2293 960 2377 epitoma
1002 2291 1315 2360 institutionum

187 2393 419 2460 divinarum
454 2393 497 2461 ad
526 2385 717 2462 Pentadium
748 2396 882 2462 fratrem
909 2392 1028 2479 prael:
1064 2395 1121 2462 tabi
1149 2399 1316 2480 epitectum

186 2499 267 2582 fieri,
298 2497 436 2565 Peatcdi
461 2501 573 2584 freter,
603 2500 774 2592 desideras,
803 2499 894 2566 credo
914 2503 950 2564 ct
971 2500 1015 2565 cd
1036 2504 1065 2565 tc
1092 2499 1217 2584 aliquid
1237 2501 1316 2566 ecri-

186 2601 267 2682 bcm,
296 2605 444 2686 lucoque
468 2623 580 2668 comeo
601 2606 637 2668 ia
657 2609 764 2670 accho
785 2602 1006 2687 qualicunque
1027 2622 1117 2686 opere
1138 2603 1314 2669 celebratam.

186 2704 294 2800 Atque
330 2705 359 2770 si
393 2705 480 2771 dicto
514 2705 686 2771 ridiculum
717 2707 751 2771 in
785 2705 917 2771 modum
951 2705 1144 2772 immodesto
1180 2705 1315 2790 Apionis

186 2807 279 2888 (Plio.
302 2807 341 2873 N.
363 2807 402 2873 H.
425 2807 528 2892 praef.
552 2814 593 2875 25
616 2812 724 2894 Apion
752 2811 883 2894 quidum
910 2811 1140 2894 prammctc'cce
1162 2856 1170 2872 .
1193 2859 1200 2874 .
1224 2860 1231 2874 .
1255 2811 1315 2874 im·

185 2911 376 2978 mortalitate
397 2912 513 2977 doncm
534 2933 556 2978 a
576 2932 610 2978 sc
630 2915 772 2996 scrapeit,
808 2914 852 2979 cd
872 2935 950 2996 quoa
971 2915 1082 2999 utiquc
1103 2913 1315 2998 concpcacbct)

186 3013 384 3081 detrahimus
413 3014 519 3099 ipsam
546 3015 795 3096 immodestiam,
825 3036 880 3096 eo,
913 3017 999 3102 quod
1027 3017 1232 3102 relinquitur,
1254 3035 1315 3099 pro

185 3117 307 3184 honore
329 3118 566 3185 dedicationem
588 3139 659 3186 esse
680 3119 829 3186 habitam
851 3119 1103 3187 demonstratur.

272 3239 361 3324 Opus
383 3239 467 3304 enim
491 3239 676 3306 dedicatum
697 3239 803 3327 primo
826 3239 897 3307 eius
918 3240 990 3322 fuit,
1011 3240 1053 3320 ad
1071 3261 1167 3326 quem
1184 3242 1314 3306 missum

186 3348 273 3420 erat;
301 3343 566 3425 immortalitatis,
596 3343 662 3410 sive
692 3349 730 3409 ut
757 3345 878 3410 rectius
907 3344 1020 3426 dicam,
1049 3344 1185 3412 nominis
1207 3343 1316 3410 famae

184 3448 274 3514 nulla
295 3447 361 3514 alia
384 3446 521 3513 viunisi
549 3447 688 3514 editione
716 3447 880 3532 particeps
901 3448 972 3516 fieri
993 3448 1109 3533 potuit,
1137 3468 1202 3532 qua
1224 3445 1315 3513 facta

185 3571 301 3617 nomen
329 3550 498 3635 legebatur
520 3552 552 3616 in
582 3551 731 3616 omnibus
755 3551 923 3636 exemplis,
954 3571 1037 3636 quae
1059 3550 1213 3617 venibant
1241 3549 1314 3631 (hac

185 3652 226 3721 de
260 3673 297 3719 re
334 3654 516 3720 accuratius
551 3654 720 3722 dicendum
755 3655 819 3722 erit
852 3655 1002 3742 proxima
1034 3654 1143 3740 parte)
1175 3655 1238 3734 ita,
1277 3657 1315 3718 ut

186 3778 313 3843 semper
334 3762 481 3824 maneret
503 3758 709 3824 coniunctum
729 3781 800 3825 cum
819 3778 916 3844 opere
933 3778 1037 3844 nsque
1053 3757 1096 3824 ad
1114 3756 1201 3823 hunc
1218 3757 1311 3826 diem.

270 3879 427 3964 Apionem
455 3879 672 3945 ostentatione
700 3877 769 3946 iere
797 3883 920 3964 aequat
942 3878 1098 3964 Scymnns
1121 3875 1227 3961 Chius,
1256 3877 1313 3963 qui

184 3988 327 4064 vocatur,
347 4006 376 4050 v.
400 3986 440 4048 45
463 4003 534 4067 sqq.
556 3980 664 4048 dicens
686 3982 726 4048 de
748 3982 948 4070 Apollodoro
969 3979 1173 4048 Atheniensi:

312 4083 471 4156 ἀθάνατον
492 4081 682 4171 ἀπονέμοντα
703 4087 793 4166 δόξαν
813 4081 950 4179 Ἀττάλῳ

312 4199 365 4279 τῆς
385 4193 589 4276 πραγματείας
609 4193 775 4277 ἐπιγραφὴν
795 4192 943 4278 εἰληφότι.

269 4311 399 4389 Restat,
428 4314 466 4376 ut
487 4308 586 4377 verba
611 4309 787 4393 Plutarchi,
809 4309 938 4391 Donati,
962 4308 1095 4376 Ausonii
1118 4307 1237 4376 similia
1259 4330 1313 4376 ex·

183 4415 357 4499 primentia
378 4411 529 4482 afferami
