3392 5150
554 489 872 608 ‘AL‘

222 692 331 763 Titum
349 699 367 778 8
383 699 401 761 6
420 717 489 762 com
503 715 629 778 operam
641 694 838 772 conticerem,
858 716 922 763 oca
935 715 1007 762 eros
1018 696 1054 762 io
1067 695 1122 763 boc
1135 695 1213 764 albo.
1244 693 1352 764 Facile

222 797 307 864 enim
335 805 408 864 erat
429 799 520 866 libris
541 798 694 882 perfectis
715 799 845 866 litteras
867 801 916 866 vel
937 802 1135 884 prooemium
1157 801 1348 886 praefigere,

222 903 308 969 omni
343 907 453 968 tamen
486 903 520 968 in
555 903 663 986 capite
698 902 860 969 dedicatio
895 904 1030 987 exprimi
1060 925 1125 970 non
1152 905 1261 990 potnit
1286 905 1351 971 nisi

221 1005 377 1073 librorum
400 1028 421 1072 a
441 1005 601 1090 principio
619 1027 657 1072 eo
680 1005 813 1106 consilio
834 1007 1036 1091 scriptorum,
1059 1013 1097 1073 ut
1115 1006 1350 1075 dedicarentur.

308 1108 403 1175 Habe
429 1110 575 1194 exempla
604 1107 765 1174 nonnulla.
794 1109 939 1186 Libellus
968 1110 1119 1195 Longini,
1154 1111 1209 1196 qui
1237 1111 1350 1192 fertur,

222 1221 289 1301 aspi
309 1213 420 1298 ὕψους,
448 1218 622 1297 postquam
644 1214 748 1297 primo
770 1213 878 1299 capite
901 1214 1039 1281 dilucide
1061 1212 1182 1281 dictum
1204 1220 1253 1281 est
1281 1235 1351 1282 esse

222 1317 340 1383 donum
362 1318 479 1404 (γράφω
501 1321 536 1386 δὲ
554 1318 629 1404 πρός
646 1345 688 1397 σε,
711 1320 859 1404 φίλτατε),
883 1317 1043 1401 capitibus
1066 1325 1101 1400 4,
1126 1321 1161 1398 6,
1186 1323 1220 1396 7,
1243 1319 1278 1399 9,
1300 1321 1352 1399 26,

224 1426 280 1501 28,
304 1427 345 1488 44
368 1420 419 1486 his
443 1420 693 1488 allocutionibus
716 1423 835 1487 utitur:
869 1426 1044 1507 Tepeortaoi
1066 1427 1208 1510 φίλτατε,
1240 1423 1349 1510 ἥδισται

222 1516 247 1594 ὦ
268 1529 363 1612 φίλος,
387 1527 495 1612 ἑταῖρε.
509 1526 531 1609 ¹)

291 1631 459 1709 “Annaeus
482 1628 643 1695 Cornutus
672 1626 715 1694 ad
743 1625 845 1693 filium
875 1627 990 1695 scribit
1018 1633 1085 1717 περὶ
1113 1627 1166 1717 τῆς
1188 1628 1248 1698 τῶν
1270 1637 1352 1700 θεῶν

186 1799 191 1814 ,
223 1734 339 1820 φύσεως
355 1731 417 1797 hoo
434 1732 529 1799 modo
548 1730 762 1816 appellatum:
785 1721 810 1799 ὦ
827 1737 953 1811 παιδίον,
975 1722 1000 1800 ὦ
1018 1744 1082 1813 παῖ,
1105 1723 1130 1801 ὦ
1147 1735 1249 1802 τέκνον
1267 1741 1305 1814 (c.
1324 1739 1350 1813 l,

225 1840 280 1915 17,
311 1840 367 1916 25,
397 1839 454 1912 28,
485 1841 546 1916 32).
593 1834 685 1919 Apud
718 1834 906 1920 Dionysium
937 1834 1009 1901 Hal.
1039 1835 1074 1901 in
1105 1841 1176 1903 arte
1207 1837 1352 1903 oratoria

222 1939 373 2006 allocutio
386 1938 575 2006 Echecratis
589 1940 747 2024 repetitur
760 1938 922 2024 capitibus
937 1943 965 2021 2,
984 1945 1013 2022 5,
1032 1946 1060 2020 7,
1080 1960 1152 2007 cum
1165 1941 1200 2006 in
1215 1960 1350 2024 sequen-

222 2043 310 2109 tibus
333 2042 545 2110 desideretur:

307 2146 420 2232 Neque
439 2147 613 2229 scriptores
627 2146 762 2212 Romani
776 2145 839 2212 hac
856 2146 891 2210 in
908 2166 944 2212 re
961 2145 1189 2214 dissentiunta
1204 2147 1350 2216 Graecis.

222 2249 382 2317 Firminus
412 2251 579 2316 Maternus
611 2247 838 2330 (Christianus)
877 2271 903 2316 e.
934 2271 963 2334 g.
996 2249 1044 2316 de
1081 2271 1223 2318 errore
1259 2272 1351 2336 pro·

222 2350 411 2419 sanarum
447 2353 694 2437 religionum
730 2353 892 2420 disserens
935 2352 1160 2421 Constantium
1196 2360 1230 2421 et
1267 2354 1351 2421 Con-

223 2461 362 2523 stantem
391 2456 476 2522 filios
509 2455 728 2537 Constantini,
759 2457 875 2542 quibus
898 2456 1042 2538 dedicat,
1071 2459 1200 2543 saepius
1222 2459 1352 2525 invocat

222 2561 307 2626 hunc
329 2561 362 2626 in
384 2561 528 2627 modum:
558 2560 722 2628 Coastoma'
742 2567 772 2628 et
798 2561 960 2641 Cerretana,
982 2563 1194 2629 sacratissimi
1214 2565 1351 2646 iapera-

220 2653 318 2745 torem
336 2666 532 2731 sacrosancti
548 2668 769 2748 imperatores·
787 2666 906 2732 domiai
922 2666 1139 2748 iaperatorem
1157 2668 1352 2732 sacrosancti

214 2769 378 2851 princpes
401 2769 412 2854 (
436 2771 488 2855 6,.
512 2774 564 2855 s,
592 2770 1264 2857 1e,.1e,.17,.2o,.24,.25,.2e,).

305 2870 415 2937 Etiam
437 2873 524 2955 apud
546 2871 731 2938 Ciceronem
753 2870 805 2953 (cf.
823 2873 863 2936 de
886 2870 953 2957 off.)
976 2878 1009 2937 et
1030 2872 1117 2956 apud
1138 2873 1351 2958 Augustinum

220 2996 333 3041 nomen
363 2975 447 3056 eius,
479 2974 521 3041 ad
552 2995 648 3060 quem
677 2974 760 3041 liber
783 2979 924 3059 scriptus
947 2980 1013 3055 est,
1045 2976 1079 3042 in
1101 2978 1173 3060 ipsa
1193 2996 1351 3043 commen-

220 3079 347 3146 tatione
369 3079 499 3164 saepius
522 3079 706 3159 occurrit2).
752 3081 860 3164 Atque
881 3100 922 3146 ne
944 3084 1043 3164 poeta
1064 3080 1159 3161 desit,
1181 3079 1350 3147 Lucretius

221 3188 500 3250 commemoretur:
531 3182 654 3267 primus
686 3181 732 3247 de
763 3203 898 3248 rerum
928 3188 1079 3250 natura
1107 3181 1191 3249 liber
1221 3187 1350 3268 praeter

220 3289 420 3372 prooemium
442 3292 475 3352 et
497 3287 657 3372 epilogum
679 3285 722 3353 ad
739 3286 922 3353 Memmium
941 3287 1064 3372 scripta
1082 3285 1181 3352 semel
1198 3287 1237 3372 (1,
1255 3289 1350 3372 1082)

220 3391 322 3458 habet
342 3392 524 3457 vocativum
549 3390 696 3470 Memmi,
730 3395 909 3456 ceterorum
940 3390 1097 3457 librorum
1128 3390 1288 3456 secundus
1317 3396 1350 3456 et

221 3497 352 3580 quintus
382 3493 609 3562 allocutionem
639 3493 799 3578 praebent
833 3495 963 3560 Memmi
990 3494 1041 3561 vel
1071 3495 1185 3579 inclyte
1216 3493 1350 3561 Memmi

220 3599 270 3665 his
293 3598 386 3664 locis:
409 3597 451 3682 11,
478 3603 545 3664 143.
572 3601 641 3663 1e2.
669 3603 759 3666 roso.
782 3599 820 3678 v,
844 3599 893 3664 ee.
919 3599 989 3664 164.
1012 3601 1085 3666 aee.
1113 3602 1202 3666 raso.

305 3703 402 3788 Digni
424 3703 571 3785 denique,
593 3701 772 3785 dequibus
795 3702 949 3768 nonnulla
966 3703 1066 3768 rerba
1082 3701 1250 3781 faciamus,
1274 3709 1349 3769 sunt

222 3809 397 3891 scriptores
427 3805 586 3871 historiae
617 3806 793 3890 Augustae.
847 3806 958 3889 Neque
989 3806 1073 3871 enim
1104 3805 1222 3872 desunt
1253 3806 1348 3889 ritae,

221 3911 279 3979 ubi
299 3910 427 3995 legatur
448 3909 600 3975 allocutio
622 3908 714 3975 initio
737 3915 771 3975 et
792 3909 827 3973 in
848 3907 927 3987 fine,
957 3907 1154 3993 aliquotiens
1176 3915 1348 3996 praeterea

220 4015 283 4100 ipsi
304 4013 485 4080 narrationi
506 4012 645 4094 inserta3
669 4011 710 4078 ci.
733 4011 807 4077 Iulii
825 4010 999 4096 Capitolini
1020 4011 1220 4080 Gordiani
1242 4017 1347 4097 tres,

221 4189 426 4204 -,,,-...-

308 4275 328 4344 ¹)
345 4272 440 4326 Addas
457 4269 690 4327 Ps.·Manathonis
708 4269 867 4339 asseram.
880 4271 901 4339 1,
921 4274 942 4329 1,
957 4269 990 4340 V,
1009 4274 1048 4324 11.
1063 4264 1085 4325 ὦ
1099 4229 1257 4341 Πτολεμαῖε.
1276 4271 1308 4340 V,
1323 4276 1347 4326 1.

222 4364 332 4428 dorstad
351 4363 509 4427 Πτολεμαῖε.
535 4356 568 4426 V,
585 4359 626 4413 35.
646 4358 704 4411 202.
723 4359 843 4427 βασιλεῦ.
1070 4409 1072 4414 ,

292 4446 328 4517 ,1)
348 4444 478 4501 Conferas
495 4443 646 4501 Ascanium
662 4442 829 4513 Pedianum,
854 4461 946 4516 quem,
960 4460 1043 4518 supra
1066 4445 1346 4507 commemoravimus.
