3392 5150
879 459 921 524 44

336 648 566 734 accipiendam.
609 648 725 735 Itaque
748 647 870 732 scripta
896 645 1075 730 Plutarchi,
1105 645 1160 734 qui
1188 646 1377 733 saepissime
1402 645 1464 714 hac

334 755 441 823 forma
462 754 582 835 utitur,
606 755 735 833 Galeni,
757 753 913 820 nonnulla
933 753 1080 834 Luciam,
1103 755 1322 820 Romanorum
1339 749 1464 834 Apulei,

336 855 487 941 Gornuti,
524 859 649 926 Manilii
686 859 903 925 astronomica
940 857 1006 924 aha
1043 858 1129 923 inter
1163 857 1266 924 libros
1298 856 1462 923 dedicatos

335 961 486 1030 habenda
501 969 584 1044 sunt,
602 969 701 1047 atque
719 963 784 1028 iam
801 963 1028 1046 recipiendum,
1047 961 1134 1047 quod
1146 961 1182 1028 in
1194 983 1270 1028 mss.
1302 959 1464 1045 Propertii

334 1065 492 1133 traditur:
533 1070 594 1134 iar.
632 1067 821 1134 moactahloe
860 1067 1112 1151 Propertii...
1146 1067 1190 1133 ad
1224 1067 1353 1148 triton,
1393 1085 1465 1130 oum

333 1170 473 1252 primum
493 1169 589 1237 huius
610 1169 687 1236 libri
708 1189 840 1236 carmen
859 1171 890 1256 (1
910 1192 938 1235 v.
957 1170 991 1254 9)
1013 1168 1095 1235 nihil
1116 1169 1205 1236 aliud
1225 1169 1383 1255 praebeat
1403 1167 1466 1233 nisi

335 1291 460 1360 meram
482 1272 714 1339 allocutionem
739 1273 839 1339 italie.

421 1375 521 1442 Flavii
542 1374 671 1460 losephi
694 1376 987 1460 Antiquitates
1014 1374 1212 1443 Iudaicas
1240 1373 1465 1463 Epaphrodito

335 1477 472 1545 donatas
495 1498 565 1544 essa
590 1479 823 1564 ignoraremus,
845 1480 908 1546 nisi
936 1485 1051 1546 auctor
1078 1480 1204 1563 ipsein
1227 1477 1466 1557 commentario,

336 1600 430 1663 quem
461 1581 500 1647 de
530 1583 631 1668 ipsius
660 1583 729 1651 vita
759 1584 952 1668 composuit,
984 1584 1086 1651 eidem
1116 1583 1340 1669 Epaphrodito
1369 1582 1466 1648 misso

335 1686 495 1768 expressis
505 1686 612 1754 verbis
621 1687 799 1755 affirmaret
809 1691 851 1774 (o.
861 1691 901 1754 76
911 1689 998 1775 fin.):
1011 1697 1066 1759 Σοὶ
1074 1693 1106 1758 δὲ
1114 1682 1315 1768 ἀποδεδωκώς,
1329 1687 1466 1772 κράτιστε

335 1782 451 1872 dadonis
479 1784 690 1878 Ἐπαφρόδιτε,
722 1789 785 1882 τήν
813 1797 916 1862 πᾶσαν
945 1793 999 1883 τῆς
1029 1790 1241 1882 οἷρχαιολογίας
1271 1787 1465 1879 ἀναγραφήν.

337 1888 431 1969 Quod
453 1913 493 1958 ex
509 1895 615 1961 verbis
632 1899 789 1980 prooemii
807 1897 1052 1984 archaeologiae
1076 1895 1265 1963 concludere
1289 1915 1355 1961 non
1377 1896 1469 1979 pote·

335 2015 454 2076 ramus,
485 2017 511 2064 c.
529 2002 563 2062 l:
597 1997 675 2086 ἦσαν
696 2003 729 2070 δέ
759 2031 843 2081 τινες,
875 2006 904 2069 οἳ
935 2003 1026 2094 πόθῳ
1057 2000 1110 2088 τῆς
1140 2002 1272 2084 ἱστορίας
1298 1998 1345 2064 ἐπ’
1372 1991 1468 2082 adroic

335 2129 374 2184 με
403 2097 587 2187 προῦτρεπον
614 2112 665 2172 καὶ
691 2105 827 2192 μάλιστα
854 2101 891 2194 δή
913 2109 1034 2174 πάντων
1055 2102 1271 2192 Ἐπαφρόδιτος
1289 2153 1296 2168 .
1315 2150 1349 2169 ..
1372 2102 1469 2190 τούτῳ

336 2197 374 2289 δή
395 2203 572 2291 πειθόμενος
594 2219 658 2276 κτλ.
690 2209 807 2276 Nescio
831 2231 873 2275 an
900 2211 1030 2276 litterae
1052 2209 1097 2276 ad
1118 2206 1380 2294 Epaphroditum
1400 2224 1468 2270 nna

336 2327 409 2372 cum
431 2327 528 2396 opere
550 2312 670 2380 missae
690 2314 865 2400 iniquitate
886 2320 1067 2400 temporum
1088 2315 1282 2381 interierint.

395 2469 552 2568 Quomodo
574 2508 772 2586 grammatici
793 2513 916 2571 veterae
939 2512 1178 2572 commemorent
1199 2504 1422 2569 dedicationes.

422 2617 492 2684 Iam
514 2641 553 2686 ax
580 2622 637 2703 iis,
666 2645 750 2708 quae
779 2627 874 2692 modo
903 2624 1123 2710 exposuimus,
1155 2618 1468 2709 cognoscereliouit

338 2721 454 2803 quanti
467 2726 690 2794 aestimandae
704 2729 770 2794 sint
783 2731 1102 2796 commemorationes
1115 2734 1259 2796 veterum
1271 2725 1467 2808 scriptorum

338 2823 378 2889 de
400 2823 604 2896 dedicatione
625 2830 782 2898 librorum
804 2832 942 2899 aliorum
964 2834 1158 2918 scriptorum
1176 2831 1295 2898 iactae.
1340 2827 1468 2912 Operae

337 2931 477 3011 pretium
498 2939 606 3000 autem
630 2955 699 3001 esse
717 2935 845 3003 videtur
865 2940 1047 3004 accuratius
1069 2938 1234 3023 inquirere
1256 2955 1322 3020 qua
1343 2929 1468 2997 ratione

337 3032 512 3115 scriptores
528 3038 748 3104 testimonium
767 3040 890 3107 faciant
907 3040 946 3107 de
965 3043 1102 3108 aliorum
1119 3041 1212 3107 libris
1226 3038 1364 3107 donatis.
1396 3034 1468 3112 Qua

336 3135 370 3200 in
387 3156 424 3202 re
441 3137 599 3224 imprimis
618 3145 723 3226 gratia
740 3144 890 3211 habenda
907 3151 958 3211 est
975 3145 1099 3226 Photio,
1121 3147 1226 3229 quiin
1244 3135 1468 3210 enumerandis

338 3243 371 3303 et
388 3245 578 3310 enarrandis
596 3246 696 3326 libris,
716 3269 797 3332 quos
814 3248 949 3334 legerat,
966 3271 1142 3334 numquam
1160 3247 1227 3315 fere
1244 3268 1318 3326 non,
1342 3245 1370 3310 si
1386 3241 1469 3308 liber

338 3342 504 3412 dedicatus
528 3354 594 3430 est,
625 3353 781 3418 nonnulla
801 3353 900 3420 verba
920 3353 985 3418 hae
1006 3352 1047 3419 de
1069 3374 1104 3418 re
1132 3350 1242 3432 addit,
1274 3349 1468 3434 aliquotiens

338 3468 413 3515 varo
436 3457 502 3516 tam
525 3460 680 3521 accurata
701 3455 870 3541 diligentia
891 3458 1005 3537 utitur,
1026 3462 1063 3522 ut
1085 3477 1110 3522 e.
1130 3477 1158 3540 g.
1181 3455 1282 3522 codex
1307 3457 1366 3518 158
1388 3449 1470 3516 nihil

339 3552 427 3620 aliud
450 3559 617 3623 contineat
638 3559 701 3626 nisi
722 3559 805 3628 hano
827 3561 1066 3646 expositionem.

423 3657 546 3726 Deinde
574 3683 725 3746 magnum
754 3664 895 3730 fructum
922 3665 1083 3748 praebant
1105 3662 1389 3748 grammaticorum
1409 3660 1469 3726 La-

338 3759 478 3826 tinorum
492 3763 621 3848 scripta,
640 3767 696 3849 qui
713 3767 757 3833 ad
775 3767 997 3852 exponendam
1014 3766 1197 3834 doctrinam
1215 3787 1307 3836 suam
1325 3765 1471 3850 exempla

338 3870 490 3948 repetunt
518 3889 557 3934 ex
586 3869 797 3955 scriptoribus
831 3871 1060 3938 diversissimis
1098 3891 1203 3956 neque
1238 3870 1471 3940 obliviscuntur

337 3968 466 4054 librum,
494 3981 543 4039 ex·
563 3994 626 4058 qno
656 3975 836 4060 exemplum
858 3974 1133 4059 deprompserint,
1160 3973 1326 4060 appellare
1347 3974 1411 4056 ita,
1435 3979 1472 4040 ut

338 4099 380 4146 ne
409 4078 571 4146 dedicatio
603 4077 732 4162 qnidam
762 4076 890 4145 silentio
920 4084 1154 4163 praetereatur.
1199 4076 1290 4157 Quod
1321 4079 1378 4162 qui
1406 4098 1471 4144 uno

340 4190 514 4269 conspeetu
542 4184 687 4249 contueri
709 4182 793 4263 vult,
821 4182 915 4250 mode
944 4184 1073 4250 evolvat
1100 4182 1179 4248 mihi
1207 4181 1343 4249 indicem
1366 4202 1470 4266 gram·

339 4287 532 4355 matioorum
553 4288 752 4367 Latinorum,
777 4305 858 4372 quos
880 4287 956 4354 Keil
977 4287 1116 4370 collegit.

425 4393 546 4461 Summi
563 4391 662 4480 pretii
680 4391 797 4459 deindo
816 4397 893 4458 sunt
910 4412 959 4474 ea,
983 4411 1066 4477 quae
1084 4390 1124 4458 de
1144 4389 1308 4457 Ciceronis
1326 4387 1471 4458 inlibris
