3392 5150
752 453 795 533 le

209 655 396 725 dedicandis
414 656 644 724 consuetudine
662 662 696 724 et
712 677 775 723 usu
793 639 1008 740 comperimus
1022 675 1062 722 ex
1079 636 1278 740 epistulis
1296 649 1343 725 ab

209 760 281 846 ipso
296 782 371 828 cum
386 760 433 829 ad
452 758 691 827 familiares
708 764 779 826 tum
790 760 965 843 praecipue
983 760 1031 825 ad
1048 760 1228 827 Atticum
1245 761 1339 828 datis.

296 883 359 950 Sed
380 883 424 951 ad
445 904 514 950 rem
538 888 749 950 marceamus.
793 880 1024 948 Gravissimum
1045 884 1096 946 est
1117 881 1206 966 quod
1226 884 1340 954 eadem

209 989 317 1069 rerba,
333 1007 416 1074 qnae
429 1008 529 1073 supra
542 1007 583 1054 ex
594 986 675 1072 ipsis
689 985 877 1053 auctoribus
891 984 1028 1052 collecta
1039 986 1273 1071 exscripsimus,
1286 989 1347 1056 hio'

211 1091 341 1178 quoque
362 1095 550 1173 occurrunt3
573 1112 594 1156 a
615 1090 749 1157 Graecis
771 1089 929 1174 imprimis
947 1095 1124 1174 usurpatur
1146 1105 1341 1180 προσφωνεῖν,

210 1197 448 1282 praeterquod
471 1196 558 1281 apud
579 1193 729 1260 Photium
753 1215 778 1259 a.
803 1213 832 1278 g.
854 1192 979 1260 nullum
1003 1192 1092 1260 aliud
1120 1191 1187 1260 fore
1208 1197 1341 1264 verbum

210 1299 340 1384 legitur,
366 1298 408 1366 ef.
434 1299 504 1366 eod.
525 1303 575 1364 30.
595 1301 647 1364 36.
665 1302 718 1364 81.
739 1301 810 1364 131.
831 1302 901 1364 152.
923 1299 993 1365 154.
1015 1301 1085 1362 155.
1107 1301 1176 1364 167.
1201 1300 1259 1364 181
1280 1305 1341 1367 etc.

298 1405 391 1499 Quod
401 1439 501 1504 supra
513 1438 578 1484 non
591 1437 627 1484 se
640 1415 759 1484 obtulit
770 1413 947 1504 ἀναφωνεῖν,
960 1422 1090 1502 praeter
1101 1421 1161 1485 ἕνα·
1173 1417 1257 1503 (cod.
1271 1425 1341 1503 158)

213 1530 246 1591 et
269 1533 455 1612 προσφωνεῖν
472 1522 570 1588 semel
588 1519 676 1608 apud
693 1519 845 1586 Photium
868 1520 939 1586 cod.
959 1525 1021 1586 218
1046 1520 1196 1590 occurrit.
1233 1523 1343 1591 Verba

213 1629 370 1696 σοντοίσσω
389 1625 496 1713 (Phot
513 1645 540 1690 ο.
562 1626 645 1710 158),
666 1629 848 1693 αατατάσσω
866 1624 1018 1712 (Berosus
1034 1624 1122 1708 apud
1139 1625 1267 1694 Tatian.
1287 1628 1348 1698 Or.'

212 1731 283 1800 adv.
293 1731 348 1800 Gr.
359 1752 385 1798 c.
397 1735 448 1810 58)
461 1729 497 1795 iu
509 1727 593 1813 ipsis'
603 1735 771 1796 auctorum
785 1729 914 1813 scriptis
932 1748 997 1794 non
1013 1727 1129 1794 inveni.
1153 1730 1203 1797 Ad
1210 1731 1342 1799 verbum

212 1845 399 1923 προσφωνεῖν
413 1853 531 1900 nomen
546 1834 685 1900 aetionis
699 1834 843 1918 pertinet
857 1834 1073 1920 προσφώνησις,
1089 1832 1129 1899 cf.
1146 1841 1344 1925 τετιμημένος

212 1939 441 2029 προσφωνήσεσι
458 1936 556 2024 (Plui.
569 1939 626 2032 vit.
639 1937 687 2005 Ti·
703 1936 842 2004 Graechi
860 1957 886 2004 e.
901 1939 945 2023 8),
964 1941 1175 2026 προσφώνησιν
1190 1951 1343 2010 ποιεῖσθαι

214 2046 323 2130 (Phot.
348 2042 416 2109 cod.
439 2045 527 2126 217).
573 2040 685 2107 Oioero
708 2040 743 2105 in
765 2039 913 2124 epistulis
935 2040 996 2106 hoc
1018 2040 1221 2110 substantivo
1244 2047 1342 2112 semel

214 2149 318 2215 utitur
340 2147 396 2233 (ad
415 2149 482 2214 Att.
501 2144 590 2226 XIII,
612 2149 685 2234 12,)
708 2163 812 2229 neque
829 2143 961 2210 verbum
985 2149 1179 2229 aspernatur
1202 2145 1259 2234 (ad
1275 2148 1344 2216 Ate

213 2251 299 2331 XIII,
324 2253 366 2316 20
374 2251 411 2338 ,).

299 2369 444 2437 Verbum
472 2365 667 2449 ἀνατιθέναι,
698 2367 784 2452 quod
813 2367 911 2433 etiam
940 2366 1061 2433 dicitur
1091 2369 1131 2434 de
1162 2368 1262 2435 rebus
1291 2371 1343 2440 dis

216 2475 327 2554 sacris,
350 2475 389 2540 de
411 2473 568 2538 librorum
590 2471 793 2538 dedicatione
815 2475 1008 2555 usurpatum
1025 2469 1145 2555 legitur
1163 2494 1188 2538 e.
1207 2494 1236 2558 g.
1254 2474 1343 2559 apud

125 2561 132 2575 ’
173 2589 178 2606 ·
213 2577 562 2646 Phalannam&
592 2571 710 2664 γραφήν
738 2571 922 2644 οἷνατέθεικε.
964 2574 1114 2652 Omnium
1141 2581 1251 2643 autem
1271 2597 1344 2645 ver-

212 2685 329 2750 borum
349 2677 565 2748 usitatissime
579 2685 664 2772 euni
691 2675 860 2767 οἷνέγραψε,
889 2681 1001 2766 ἔγραψε
1024 2679 1107 2767 πρός.
1136 2679 1239 2763 bino}
1260 2682 1343 2772 15γό-

214 2817 314 2873 μενον,
335 2790 373 2851 ut
393 2786 443 2851 ita
463 2784 578 2864 dicam,
605 2789 653 2850 est
674 2779 823 2862 ἆποτίνω,
847 2802 911 2866 quo
932 2782 1030 2848 verbo
1052 2780 1213 2850 Iohannes
1234 2784 1344 2872 Lydus

214 2892 254 2957 de
275 2912 357 2975 mag.
376 2887 415 2967 11,
441 2887 462 2953 6
490 2887 594 2953 utitur
623 2887 662 2953 de
691 2888 791 2953 vitis
819 2886 1038 2952 Caesarum
1067 2885 1212 2953 Suetonii
1241 2889 1343 2957 Tran-

215 2994 306 3084 quilli
328 2992 468 3077 Septicio
492 2990 588 3058 Claro
609 2990 726 3058 missis.
851 3027 856 3038 ·
1350 2981 1352 2986 ’

302 3113 365 3194 Qui
388 3114 563 3197 scriptores
584 3112 636 3177 his
653 3112 759 3178 verbis
776 3111 826 3177 uti
842 3110 1007 3190 nolebant,
1029 3111 1207 3184 breviorem
1224 3116 1257 3181 in
1275 3137 1344 3183 mo-

215 3201 292 3286 dum
313 3216 551 3284 dedicationem
572 3215 729 3282 librorum
752 3214 993 3299 elgnificabant,
1024 3236 1096 3281 cnm
1116 3216 1214 3283 titulo
1237 3220 1344 3305 operis

216 3322 456 3412 commemorati
474 3323 654 3388 insererent
670 3339 787 3386 nomen
806 3319 883 3400 eius,
904 3320 943 3386 ad
964 3341 1057 3404 quem
1075 3306 1236 3388 dedicatio
1255 3319 1345 3391 facta

216 3432 302 3506 erat,
331 3429 365 3493 in
387 3426 569 3492 accusativo
598 3445 670 3502 cum
693 3426 765 3512 πρός
793 3425 1014 3492 coniunctum:
1043 3430 1076 3493 ἐν
1097 3435 1159 3506 τοῖς
1180 3421 1252 3511 πρός
1274 3480 1280 3494 .
1304 3478 1311 3493 .
1335 3477 1343 3494 .

214 3522 426 3620 οἷπσμνήμασι,
448 3536 481 3599 ἕν
501 3529 545 3624 τῷ
566 3525 637 3616 προς
654 3583 661 3596 .
679 3582 685 3596 .
705 3580 712 3595 .
735 3534 883 3616 περὶ...

292 3651 410 3718 'Etiam
431 3648 519 3736 apud
544 3649 721 3734 scriptores
744 3651 905 3716 Romanos
930 3647 1118 3733 saepissime
1139 3647 1289 3732 leguntur
1306 3669 1346 3716 ea

217 3757 322 3836 verba,
345 3775 429 3840 quae
452 3775 552 3838 supra
573 3754 899 3833 commemoravimus,
922 3755 1008 3819 inter
1031 3771 1114 3837 quae
1132 3752 1345 3820 usitatissima

216 3863 337 3927 mittere
354 3864 387 3924 et
404 3858 540 3925 sorbere
556 3858 600 3924 ud
616 3859 762 3941 aliquan.
799 3856 1010 3924 Memorabile
1027 3854 1186 3939 imprimis
1203 3856 1345 3940 verbum,

218 3962 305 4049 quod
326 3962 568 4028 accuratissime
589 3959 764 4046 respondet
786 3961 911 4028 Graeco
934 3969 1127 4049 προσφωνεῖν,
1149 3981 1170 4026 a
1193 3957 1346 4026 Cicerone

218 4065 315 4134 semel
346 4065 535 4132 adhibetur:
577 4067 706 4152 (leber),
738 4086 798 4150 quo
827 4086 876 4131 me
904 4066 955 4131 bic
985 4058 1115 4147 adfatus
1147 4062 1252 4148 (Brut
1285 4069 1345 4143 13).

218 4173 420 4238 Disserentes
439 4167 552 4254 quanti
569 4168 733 4234 aestimati
751 4175 870 4242 essent
879 4169 966 4251 apud
979 4172 1103 4232 veteres
1115 4165 1191 4232 libri
1204 4165 1346 4234 dedicati

217 4273 316 4341 verba
340 4276 375 4339 οό
392 4273 538 4340 bonorem
563 4272 660 4338 condo
679 4272 730 4337 vel
750 4272 806 4338 edo
824 4271 960 4337 Ausonii
978 4275 1012 4336 et
1029 4270 1149 4336 Donati
1167 4268 1346 4338 attulimus.

218 4378 340 4447 Nomen
362 4377 498 4445 actionis
519 4375 611 4443 vorbi
634 4376 741 4444 ᾶοσανο
763 4377 904 4444 occurrit
924 4376 959 4442 iu
981 4374 1121 4462 epistula
1141 4375 1345 4461 imperatoris
