3392 5150
750 503 791 568 23

142 771 144 778 ,
293 694 356 762 Sed
375 693 458 762 haec
478 693 650 782 haetenus,
672 692 738 758 iem
760 692 900 758 animum
921 696 1070 758 nostrum
1090 694 1123 760 in
1146 716 1180 761 se
1202 713 1334 759 conver-

206 801 282 864 tunt
313 797 474 878 Iustinus,
503 796 640 878 Balbus,
673 795 802 862 Solinus
833 795 937 880 digni,
968 814 1105 880 qnorum
1135 799 1270 866 consilia
1299 799 1334 864 in

206 901 299 967 libris
313 901 502 968 dedicandis
514 899 727 968 illustrentur.
751 899 869 968 Mirum
881 900 965 966 enim
975 899 1100 985 aliquid
1109 906 1142 988 et
1149 902 1334 969 inauditnm

207 1003 251 1070 ab
279 1005 334 1088 iis,
363 1006 407 1072 ad
434 1024 517 1090 quos
544 1004 647 1071 libros
674 1002 823 1084 mittunt,
851 1003 1034 1087 postulant:
1063 1009 1101 1069 nt
1129 1007 1251 1090 scripte
1274 1027 1334 1072 sua

207 1107 387 1189 emendent,
400 1108 486 1174 unde
500 1127 598 1192 quam
610 1106 805 1192 politissima
817 1112 956 1191 pergent
967 1109 1002 1174 in
1015 1128 1128 1175 manus
1138 1108 1333 1195 bibliopolae

206 1232 327 1297 perque
349 1232 419 1278 eum
441 1214 475 1279 in
497 1211 605 1279 forum
625 1210 803 1277 librarium.

291 1349 387 1416 Balbi
407 1349 511 1434 ipsius
532 1347 633 1415 verba
654 1347 735 1414 haec
758 1352 834 1414 sunt
862 1347 1006 1435 (scripsit
1032 1348 1332 1434 expositionem

206 1453 473 1519 strationem
494 1452 667 1519 omnium
689 1450 911 1516 formarum
940 1451 990 1517 ad
1013 1450 1198 1536 Celsum:
1228 1457 1334 1538 ltaque

206 1577 266 1640 pao
294 1557 406 1623 cultior
426 1558 463 1622 ι’νι
484 1556 683 1640 quorundam
704 1556 849 1621 notitam
869 1556 975 1620 vectet
993 1608 999 1622 .
1020 1603 1026 1616 .
1047 1605 1054 1622 .
1078 1557 1121 1623 ad
1142 1562 1171 1622 te
1193 1561 1334 1640 ιινινιανι

205 1659 283 1726 liber
310 1663 369 1726 iste
396 1663 536 1745 festinet,
569 1660 657 1744 apud
686 1660 876 1724 ultroneo·
899 1659 1049 1726 σιαααιία
1072 1661 1219 1744 deportet,
1250 1682 1333 1746 quae

204 1764 374 1849 postulete
387 1784 450 1848 quo
464 1762 595 1830 facilius
609 1762 772 1842 concedet,
791 1761 924 1828 summis
937 1760 1088 1829 laudibus
1103 1761 1196 1830 effert
1213 1763 1332 1832 doctri·

203 1888 278 1933 nam
301 1865 394 1934 Celsi.

291 1987 402 2068 Neque
430 1987 536 2053 minus
568 1989 681 2070 aperte
709 1984 870 2066 Iustinus,
900 1986 956 2070 qui
986 1987 1147 2070 excerpsit
1176 1987 1332 2055 historias

205 2087 402 2172 Philippicas
425 2088 558 2174 Pompei
580 2089 695 2173 Trogi,
719 2089 797 2173 qnid
820 2092 961 2172 spectet,
985 2110 1056 2154 eum
1077 2089 1196 2156 librum
1220 2091 1333 2158 offerat

205 2191 335 2270 homini,
360 2192 449 2258 cuius
471 2213 586 2260 nomen
608 2214 673 2260 non
695 2197 859 2258 servatum
880 2193 1053 2274 habemus,
1076 2195 1109 2260 in
1131 2194 1332 2279 praefatione

205 2294 392 2381 profitetur:
410 2298 493 2380 qaod
510 2297 554 2362 ad
570 2302 599 2362 te
615 2316 679 2362 ναι
696 2297 897 2380 oopaosceoda'
913 2298 1017 2382 mepte
1034 2318 1130 2380 qaam
1147 2300 1333 2367 emendandi

204 2420 304 2465 eausa
325 2402 499 2467 taasmtst.

289 2518 349 2586 His
384 2518 537 2605 exemplis
570 2518 695 2586 inducti
729 2516 872 2584 fortasse
907 2519 972 2585 iem
1003 2539 1068 2585 non
1103 2507 1267 2604 fallemur,
1305 2527 1331 2592 si

203 2643 245 2688 ex
272 2622 413 2706 epistula
441 2621 593 2689 aSoIino
624 2643 697 2688 cum
725 2623 1002 2690 collectaneis
1030 2644 1164 2689 rerum
1186 2646 1331 2693 memo-

203 2726 402 2794 rabilium
430 2727 578 2793 Advento
612 2727 711 2793 missa
746 2726 974 2794 concludemus
1006 2727 1150 2793 Solinnm
1185 2750 1331 2814 sperasse

203 2830 274 2897 fore
302 2836 339 2895 nt
366 2851 497 2896 munere
525 2829 744 2897 emendatoris
771 2829 926 2914 fungetur
952 2830 1131 2912 Adventus,
1160 2831 1188 2898 si
1216 2853 1331 2901 nomen

203 3037 369 3104 elementia
398 3042 427 3103 et
454 3040 645 3121 optlmersm
675 3039 795 3103 αννίιανι
825 3038 942 3104 studiis
965 3043 1135 3120 praestare
1164 3045 1193 3105 te
1222 3045 1331 3109 cereas

97 3151 99 3154 ’
202 3143 338 3207 sontium
356 3188 363 3202 .
383 3191 391 3206 .
412 3189 418 3202 .
441 3143 585 3224 reputavi
613 3161 743 3206 σιιαινιαι
771 3141 914 3224 opusculi
942 3142 999 3207 caol
1019 3143 1222 3225 pessumum
1244 3145 1330 3214 dore.

290 3275 540 3363 Optatissimum
561 3277 624 3344 hoc
645 3277 716 3344 loco
739 3277 880 3344 occurrit
908 3278 1088 3363 exemplum
1110 3299 1149 3344 ex
1172 3281 1330 3365 scriptore

204 3381 329 3448 Graeco
347 3387 519 3466 sumptum,
537 3381 609 3447 dico
626 3378 746 3446 librum
759 3380 837 3446 XIII
855 3379 1027 3466 Phnyniohi
1045 3383 1216 3472 σοφιστικῆς
1233 3415 1331 3475 παρσ-

203 3483 318 3572 σκευῆς,
346 3505 431 3576 qnae
454 3486 640 3551 continebat
664 3489 702 3550 37
725 3483 837 3564 libros,
867 3483 1031 3551 Basilidee
1053 3486 1180 3553 Milesio
1203 3490 1329 3558 cuidem

203 3587 397 3655 dedicatum.
442 3589 535 3667 Quod
557 3592 785 3655 commemorat
801 3587 937 3654 Photius
960 3589 1029 3657 cod.
1052 3594 1111 3655 158
1133 3589 1184 3656 his
1206 3592 1329 3659 verbis:

203 3688 272 3760 ὅδὲ
295 3695 518 3785 Βασιλείδη
485 3720 528 3759 τω
551 3696 700 3785 Μιλησίῳ
722 3691 854 3784 σοφιστῇ
882 3692 1112 3780 προσεφανήθη,
1140 3700 1173 3762 ἐν
1194 3683 1219 3789 ᾧ
1240 3705 1331 3783 φησὶν

202 3792 310 3865 αυτίκα
324 3804 378 3864 τοῦ
390 3791 544 3881 σῖνακιιψαι
556 3825 610 3882 της
626 3796 715 3865 νόσον
736 3796 920 3883 ποιήσασθαι
937 3825 994 3882 την
1013 3826 1084 3882 προς
1100 3793 1194 3866 crisos
1211 3828 1331 3888 νραφην

202 3908 253 3968 καὶ
274 3905 402 3968 αἰτεῖται
423 3907 482 3967 τῶν
503 3901 551 3966 δια
572 3928 627 3986 την
649 3902 751 3980 νόσον,
773 3895 812 3979 αἷς
833 3899 924 3979 εἰκός,
945 3895 1031 3991 adop?
1052 3906 1084 3968 ἒν
1106 3930 1148 3993 τῳ
1171 3904 1329 3988 γράμματι

202 3988 459 4091 παρασφαλέντων
472 3999 670 4071 ἐπιθεῖναι
633 4033 689 4091 την
701 4002 872 4091 διόρθωσιν.
897 4003 1051 4068 Octavum
1066 4003 1209 4070 eiusdem
1223 4007 1329 4092 operis

201 4107 320 4174 librum
338 4105 436 4172 finisse
454 4104 640 4171 dedicatum
661 4105 787 4172 Iuliano
806 4103 933 4171 cuidem
951 4105 1063 4171 eodem
1084 4105 1154 4173 loco
1176 4107 1328 4194 legimns:

202 4214 253 4280 τὸν
280 4213 383 4297 μέντοι
411 4211 514 4297 ὄγδοον
536 4209 625 4278 πάλιν
644 4206 800 4304 Ἰοιιλιανῷ
819 4207 985 4297 &vartonus
1006 4217 1054 4278 καὶ
1076 4215 1203 4279 αἰτεῖται
1226 4209 1328 4296 αὐτὰν,

202 4315 233 4382 εἴ
254 4344 283 4382 τι
305 4311 420 4394 α’τελῶς
436 4314 554 4401 εἴρηται
576 4317 610 4401 (a
632 4334 667 4381 sc
688 4313 801 4382 morbo
824 4313 982 4403 confecto)
1002 4361 1010 4377 .
1030 4361 1037 4377 ·
1061 4313 1159 4383 ταῦτα
1180 4321 1329 4388 διαθεῖναι

202 4411 274 4502 raptis
294 4418 463 4510 διόρθῳσιν.
1038 4413 1043 4426 ’

599 4616 608 4656 l
