3392 5150
874 422 918 492 48

818 513 974 526 ——nn—

331 607 435 700 ipsius
463 612 497 678 et
519 606 713 692 Quintiliani
742 617 812 680 arte
841 615 988 682 oratoria
1008 616 1198 699 instituens;
1227 617 1267 686 cf.
1288 614 1314 686 L
1337 623 1356 683 6
1378 615 1462 705 qood

332 717 1024 802 opus...tsoidcamos...eruoondo
1049 720 1462 808 Gotaetuo31Vprl.tui

330 824 450 905 mciptae
464 820 535 904 filei.
571 819 773 904 Quamquam
788 840 853 886 non
870 826 951 909 puto
971 822 1208 902 Quintilianum
1224 846 1290 892 non
1305 826 1461 894 babuisse

330 925 500 994 consssium
527 921 652 1004 edendi,
680 923 738 990 sed
765 923 799 988 in
828 924 1004 993 erudiendo
1027 927 1111 994 Geta
1131 933 1165 994 et
1189 927 1256 995 filio
1284 929 1461 997 utilitatem

331 1028 471 1118 experiri
501 1033 608 1113 atquo,
640 1029 668 1094 si
698 1047 782 1113 qnae
811 1027 978 1113 invenerit,
999 1031 1080 1097 uitia
1101 1031 1273 1099 emendare
1302 1033 1461 1116 voluiss03

330 1135 459 1202 litteras
486 1136 596 1199 autern
625 1129 667 1197 ad
688 1129 890 1217 Tryphonem
914 1155 1075 1202 unacum
1103 1134 1198 1202 libris
1230 1136 1385 1218 edidisse,
1414 1142 1469 1218 ut.

330 1239 447 1321 siquis
464 1257 499 1303 sc
519 1235 733 1318 vituperaret,
756 1234 994 1306 demonstraret
1011 1261 1045 1306 se
1068 1241 1163 1324 quasi
1185 1240 1320 1307 inritum
1341 1241 1461 1307 librum

329 1361 396 1407 non
416 1339 514 1424 plane
534 1337 713 1424 perfectum
734 1338 883 1405 edidisse.

414 1445 526 1528 Neque
546 1443 653 1507 minus
674 1463 773 1526 quam
794 1443 1012 1521 Quintilianus
1033 1446 1224 1513 sententiam
1245 1467 1350 1516 meam
1366 1445 1462 1514 fulcit

329 1547 485 1614 Firminus
503 1545 669 1610 Maternus
692 1547 874 1634 (paganus),
898 1548 955 1632 qui
977 1548 1109 1635 scripsit
1131 1555 1205 1617 octo
1226 1551 1460 1618 matheseos

327 1651 429 1718 libros
448 1649 491 1717 ad
508 1649 701 1716 Mavortiam
718 1647 916 1732 Lollianum
939 1652 973 1717 in
990 1651 1053 1738 prs.
1072 1653 1156 1736 VIII,
1177 1659 1195 1720 3
1213 1657 1326 1739 occupo,
1344 1655 1460 1738 inquit,

329 1758 446 1838 itaque,
480 1753 624 1820 Mauorti
654 1754 749 1819 dous
778 1760 938 1833 nostrum,
969 1761 1085 1840 septem
1113 1757 1170 1824 bos
1202 1759 1298 1826 Istros
1321 1808 1327 1820 .
1349 1808 1356 1821 .
1376 1808 1383 1820 .
1406 1758 1463 1825 tos

329 1860 425 1925 libros
447 1858 577 1938 custodi,
599 1879 639 1922 oe
659 1857 811 1940 mprobis
834 1864 863 1924 et
884 1859 1049 1944 sucrelepts
1066 1861 1201 1927 αιινῶιιε
1218 1864 1350 1928 edomia
1366 1862 1463 1928 istim

329 1964 434 2046 operis
451 1962 622 2028 intimetur.
662 1960 859 2044 Quapropter
875 1961 952 2028 haee
970 1963 1050 2045 filiis
1071 1965 1135 2030 heis
1156 1970 1280 2032 tantm
1301 1965 1413 2032 uode.
1429 2013 1460 2033 ..

330 2063 456 2132 Horma
475 2069 581 2133 summ
598 2063 750 2130 labrorum
768 2065 941 2148 unificum
956 2086 1014 2132 uos
1031 2067 1088 2132 roi
1099 2068 1160 2134 soli
1172 2069 1306 2134 εάιὶίἰεεε
1318 2069 1460 2153 sufficiet,

330 2190 408 2253 poor
429 2169 486 2235 tobi
506 2168 707 2234 menedemos.
752 2166 849 2234 Haud
870 2167 1061 2235 dissinrilem
1088 2171 1123 2234 in
1152 2169 1283 2237 modum
1311 2172 1345 2236 in
1366 2191 1461 2257 prae·

328 2273 453 2340 latione
482 2271 611 2357 septimi
638 2270 717 2336 libri
737 2271 866 2338 locutus
889 2277 970 2338 erat.
1014 2273 1133 2340 Lrbros
1162 2275 1263 2358 igitur
1290 2274 1333 2341 ad
1362 2295 1462 2342 unum

262 2437 264 2442 .
328 2377 510 2444 Lollianum
533 2374 672 2458 scriptos
693 2374 781 2440 nullo
804 2376 899 2441 modo
922 2396 981 2459 per
1009 2375 1222 2462 bibliopolam
1250 2378 1398 2444 emittere
1418 2374 1461 2444 'in

329 2481 436 2549 animo
479 2478 604 2546 habuit.
662 2479 710 2544 De
750 2477 955 2544 dedicatione
994 2485 1104 2546 tamen
1142 2501 1212 2548 esse
1251 2478 1461 2566 cogitandum

328 2586 572 2652 demonstretur
588 2580 696 2649 verbis
720 2579 762 2648 ab
787 2585 920 2648 auctore
945 2583 1064 2650 iterum
1086 2603 1126 2651 ao
1149 2583 1280 2668 saepius
1304 2583 1460 2653 adhibitis

328 2689 372 2755 ad
392 2693 422 2755 tc
442 2687 565 2770 setosi
588 2686 645 2751 tobi
665 2686 742 2767 dieo,
764 2685 822 2751 obl
842 2686 932 2771 ed01)
954 2691 1014 2752 eto

413 2791 495 2856 Item
517 2793 594 2855 ante
615 2788 732 2856 laetam
754 2787 928 2855 sditionem
949 2791 1130 2875 exemplum
1147 2789 1224 2858 libri
1240 2792 1373 2858 missum
1389 2811 1460 2858 esse

327 2894 371 2961 ad
405 2914 494 2975 eum,
538 2893 590 2958 cui
625 2891 794 2958 dedicatus
829 2897 895 2973 ost,
933 2893 1073 2961 dilucide
1117 2895 1338 2980 cognoscimus
1373 2895 1461 2981 apud

327 2998 474 3074 Balbum,
497 2996 553 3080 qui
574 2996 876 3082 expositionem
894 3002 936 3062 et
957 2997 1163 3064 rationem
1181 2997 1358 3064 omnium
1375 2997 1458 3065 for·

327 3122 478 3169 marum
507 3100 639 3184 scripsit
668 3098 711 3166 ad
734 3099 869 3181 Celsum,
898 3121 970 3166 eum
998 3121 1072 3167 eum
1095 3102 1254 3186 expressis
1276 3101 1393 3182 verbis,
1421 3105 1459 3167 ut

414 3327 433 3397 ¹)
450 3326 554 3381 Rirtius
572 3323 693 3393 (Buchw.
710 3341 737 3392 p.
755 3325 806 3378 366
824 3341 887 3378 ann.
906 3325 932 3394 2)
952 3327 1033 3394 putat
1051 3323 1139 3379 editos
1158 3341 1218 3379 esse
1235 3325 1285 3380 hos
1303 3323 1389 3379 lIbros
1406 3339 1459 3394 per

326 3413 515 3483 bibliopolam,
539 3427 621 3480 quom
644 3409 794 3463 arbitretur
818 3427 876 3464 esse
897 3410 1066 3464 Mavortiam
1082 3410 1239 3464 Lollianum
1262 3411 1360 3480 Ipsum.
1396 3411 1457 3480 Ego
1558 3401 1565 3409 ⁸

327 3499 456 3569 equidem
473 3497 549 3551 nullo
566 3497 649 3550 modo
665 3496 735 3549 mihi
751 3497 919 3564 persuadere
936 3513 1049 3566 possum
1067 3496 1217 3552 Firmicum
1233 3497 1284 3550 hos
1302 3495 1387 3550 libros
1411 3495 1457 3551 edi

326 3586 453 3654 voluisse,
476 3587 509 3637 nt
532 3582 580 3636 olii
602 3581 668 3636 libri
692 3582 738 3636 edi
760 3582 893 3640 solebant.
930 3582 1046 3652 Sumpsit
1063 3583 1093 3636 in
1115 3599 1196 3638 usum
1219 3583 1300 3636 unius
1318 3581 1457 3650 Mavortii,

327 3673 377 3726 sed
394 3671 475 3741 (VIII,
487 3670 530 3740 33)
548 3668 693 3738 permittit,
711 3672 743 3721 ut
754 3667 818 3721 filiis
831 3667 980 3736 amicisque
995 3668 1152 3738 exemplum
1166 3685 1245 3723 suum
1258 3667 1351 3722 tradat
1363 3666 1456 3738 legen·

327 3758 394 3812 dum
411 3759 469 3810 siue
486 3753 706 3822 describendum,
724 3771 787 3807 cum
800 3769 864 3807 eum
876 3753 1011 3822 hortetur,
1027 3770 1061 3809 aa
1076 3755 1191 3810 owsbus
1203 3753 1335 3823 profcm's
1351 3753 1393 3808 orl
1407 3754 1456 3808 iro·

322 3844 421 3915 peritis
438 3841 549 3896 intimet
561 3841 625 3896 haec
636 3840 796 3895 seruando.
819 3839 848 3894 Si
862 3842 922 3893 erat
934 3839 1086 3894 Mavortius
1098 3838 1292 3914 bibliopolas„
1298 3837 1457 3909 Vorleyefl‘),

326 3931 412 3984 libros
436 3928 577 3983 oontInere
594 3943 651 3981 non
668 3926 768 3996 potuit,
791 3943 857 3979 nam
872 3924 934 3979 fieri
951 3943 1009 3978 nen
1025 3929 1124 3996 potest,
1148 3929 1181 3979 ut
1196 3927 1335 3979 mercator
1350 3941 1456 3978 meroes

326 4034 383 4071 non
406 4014 511 4069 vendat
530 4013 587 4084 ,nisi
611 4012 777 4081 homiuibus,
802 4028 919 4081 quorum
935 4028 1026 4066 mores
1044 4011 1218 4082 perspexerIt
1234 4011 1456 4079 probaveritque,

326 4104 350 4158 si
375 4100 458 4156 modo
483 4098 628 4168 peeunism
651 4098 705 4164 sibi
729 4114 888 4168 comparare
911 4097 981 4153 rult.
1024 4096 1116 4153 Verba
1139 4096 1321 4167 perorationis
1346 4095 1467 4166 (VIIIer)¹

328 4188 462 4245 Romame
479 4185 632 4240 ommno
648 4185 712 4239 coos
729 4186 816 4254 operto
833 4183 968 4240 catonus
983 4183 1153 4253 deciplhsom
1169 4199 1226 4236 non
1243 4180 1382 4235 obsistunt
1394 4197 1468 4248 sen-¹

325 4273 430 4330 tentiae
447 4288 533 4340 meae,
552 4288 616 4324 nam
634 4270 759 4324 homines
776 4271 895 4325 Romani
914 4286 970 4324 non
988 4268 1101 4338 quidem
1117 4285 1168 4338 per
1186 4267 1344 4336 adltionem,
1362 4272 1391 4322 ot
1404 4283 1456 4337 per

326 4353 417 4434 ipsum
434 4358 599 4416 Mavortium
617 4357 751 4412 librorum
769 4357 955 4428 cognitionem
973 4356 1098 4426 accipere
1115 4356 1274 4426 potueruut
