3392 5150
668 401 823 520 -ι-ι-

184 608 402 696 opprimendis
431 609 595 676 intestinis
616 608 775 677 hostibus.
814 608 967 676 Fortasse
989 609 1080 676 credi
1099 613 1208 694 potest
1229 628 1311 690 eum,

184 713 226 780 ad
248 735 343 798 quem
364 711 449 779 liber
469 713 674 795 mittebatur,
702 714 810 796 ipsum
836 712 986 779 deumne
1014 711 1198 782 adulterina
1219 711 1310 779 labe·

184 816 341 884 faomtnm
362 815 468 883 valido
490 816 634 884 subsidio
657 817 793 903 eguisse.

269 920 427 1000 Quoniam
456 919 605 1003 quaestio
633 925 684 986 est
705 921 746 986 de
768 919 973 988 dedicatione
993 918 1151 986 librorum
1172 919 1310 988 bellato-

184 1023 321 1104 riorum,
350 1043 391 1090 ne
420 1023 547 1089 silentio
575 1024 870 1106 praetermittamus
891 1023 1036 1091 Flavium
1057 1023 1230 1107 Iosephum
1254 1023 1311 1090 ds·

183 1126 367 1193 tendentem
397 1125 538 1194 Iudaeos
569 1125 612 1193 ab
645 1127 779 1212 Apionis
809 1125 1069 1193 accusationibus
1102 1126 1182 1194 duos
1212 1126 1313 1194 libros

185 1230 403 1315 composuisse
428 1234 592 1312 ,contra
613 1230 825 1315 Apionem“
851 1230 892 1296 ad
913 1229 1179 1316 EpaphrodItum.

269 1333 481 1400 Revertamur
502 1333 545 1399 ad
567 1333 754 1417 Origenem,
784 1331 870 1400 unde
898 1333 1036 1419 digressi
1058 1355 1176 1400 sumus.
1220 1333 1314 1400 Illum

186 1457 316 1523 quoque
324 1436 477 1524 precibus
486 1436 660 1509 adductum
670 1436 771 1504 libros
781 1437 1012 1521 conscripsisse
1026 1436 1078 1504 his
1091 1437 1198 1504 verbis
1212 1438 1324 1502 elucet·

185 1541 271 1627 apud
293 1540 401 1625 Migue
421 1538 540 1627 patrol.
560 1539 614 1606 Gr.
631 1540 677 1606 XI
693 1563 725 1625 p.
746 1545 817 1607 645.
836 1542 900 1608 316
917 1543 945 1606 Α
965 1540 1001 1629 ἣν
1018 1537 1109 1623 ἀξιοῖς
1126 1545 1315 1628 ποιήσασθαι

185 1639 266 1733 ἡμᾶς
287 1639 475 1731 ἀπολογίαν.
494 1694 501 1710 .
521 1695 528 1711 .
549 1647 602 1711 ἵνα
630 1637 676 1730 μή
704 1643 837 1732 δοκῶμεν
865 1640 961 1714 deveza
988 1639 1061 1731 πρός
1090 1639 1125 1713 erl
1146 1646 1316 1731 ἐπιταχθὲν

186 1751 244 1816 tud
284 1774 347 1816 σου.
389 1768 421 1830 p.
455 1748 526 1814 648.
561 1752 622 1812 317
657 1747 684 1811 Β
728 1747 935 1835 ἐλογισάμεθα
977 1747 1139 1836 πεισθῆναι
1179 1746 1235 1816 oab
1274 1745 1316 1840 τῇ

186 1853 353 1937 προστάξει.
381 1869 412 1933 p.
441 1849 539 1929 1632,
570 1855 630 1914 799
659 1849 686 1914 Β
716 1871 742 1917 ο.
766 1851 844 1916 VIII
871 1849 925 1916 fin.
955 1851 1033 1939 ἔχεις
1059 1851 1122 1920 δ’ἒν
1148 1849 1263 1932 τούτοις
1284 1851 1319 1918 τό

187 1957 322 2035 τέλος..
342 2000 349 2016 ·
373 1959 432 2020 τῶν
453 1955 720 2040 προστεταγμένων
739 1949 800 2023 rino
822 1979 885 2024 σου.

273 2054 429 2122 Ultimum
441 2051 880 2137 locumobtineatllussbius,
895 2058 950 2141 qui
958 2055 1051 2138 libro,
1067 2057 1123 2141 qui
1130 2056 1318 2123 inscribitur

188 2153 1317 2248 impatientissimum,obsequiturairpcrsTheodotiepiseopi(cs.c.I.).

139 2308 142 2313 -
274 2259 413 2328 Habetis
441 2282 496 2344 ea,
526 2283 610 2347 quae
639 2262 777 2329 dicenda
806 2268 899 2330 erant
926 2263 967 2329 de
987 2261 1081 2329 libris
1103 2262 1318 2329 institutionis

189 2383 290 2432 causa
312 2363 479 2432 dedicatis.
522 2365 670 2432 Vidimus
691 2364 750 2432 hos
773 2386 837 2432 uua
859 2387 929 2434 esse
951 2365 1141 2433 tractandos
1169 2385 1241 2432 cum
1267 2364 1318 2446 iis,

189 2467 245 2552 qui
266 2465 416 2553 precibus
438 2469 488 2534 rel
509 2468 669 2536 voluntati
692 2490 813 2552 eorum,
835 2470 879 2536 ad
901 2491 981 2555 quos
1003 2469 1200 2550 missisunt,
1223 2468 1318 2535 satis·

188 2570 321 2639 faciunt
355 2570 520 2640 Nonnulla
537 2594 622 2658 qnae
642 2577 771 2640 restant
789 2571 936 2660 exempla
953 2570 1111 2639 librorum
1129 2571 1320 2637 donatorum

188 2674 389 2760 petentibus,
421 2675 477 2760 qui
506 2696 572 2743 non
602 2680 669 2742 tam
698 2675 827 2742 institui
855 2675 1028 2742 voluerant
1060 2675 1172 2761 aliqua
1202 2674 1243 2743 de
1273 2694 1319 2755 re,

189 2797 288 2863 quam
321 2777 397 2845 aliis
432 2779 472 2844 de
503 2780 609 2845 causis
647 2779 769 2864 scripta
798 2777 1021 2867 postularant,
1058 2778 1093 2846 in
1126 2777 1191 2844 fine
1222 2775 1320 2844 huius

187 2880 294 2966 partis
316 2880 545 2966 disputationis
566 2882 789 2949 mwtabimns.

503 3075 667 3137 Dedicatic
689 3075 772 3137 lucri
794 3092 890 3137 cansa
910 3076 1004 3137 decb.

278 3190 348 3258 Iam
370 3210 472 3257 novae
493 3191 608 3258 turbae
636 3191 831 3276 scriptorum
859 3191 999 3257 animum
1021 3191 1245 3272 advertamus,
1274 3195 1321 3257 at·

192 3313 255 3377 que
276 3294 352 3360 huic
373 3294 474 3382 capiti
495 3294 740 3382 inscriptionem
759 3294 837 3360 dare
855 3315 1040 3379 possumus:
1063 3293 1104 3361 de
1120 3294 1323 3361 dedicatione

192 3397 277 3462 lucri
303 3418 403 3464 causa
424 3398 522 3463 factae
565 3397 664 3463 Aliud
685 3398 811 3480 lemme,
840 3398 926 3484 quod
948 3398 1085 3465 eundem
1105 3397 1174 3464 fere
1196 3419 1323 3466 sonsum

193 3498 302 3581 habet,
320 3504 385 3566 est:
408 3500 449 3566 de
465 3498 558 3566 libris
576 3501 619 3567 ad
635 3501 865 3589 imperatorem
883 3506 916 3568 et
933 3502 975 3590 ad
993 3501 1166 3586 optimates
1184 3501 1323 3587 scriptia,

194 3621 387 3686 quamquam
409 3600 567 3668 iniustum
589 3602 688 3684 foret,
719 3604 748 3671 si
771 3624 881 3684 omnes
903 3604 1028 3688 pariter
1049 3605 1239 3690 scriptores,
1269 3606 1325 3690 qui

193 3705 327 3790 regibus
354 3704 406 3771 vel
440 3705 689 3789 imperatoribus
711 3707 762 3774 vel
797 3706 961 3775 nobilibus
991 3707 1094 3775 libros
1121 3707 1206 3776 dono
1234 3708 1324 3791 dant,

195 3809 290 3892 qnasi
331 3827 429 3874 cansa
468 3807 591 3875 indicta
623 3810 775 3877 sordidae
810 3810 968 3878 avaritiae
994 3831 1226 3896 argueremus,
1267 3810 1325 3879 sed

193 3909 290 3998 pauci
312 3909 398 3977 inter
419 3931 569 3996 magnum
590 3933 757 3980 numerum
779 3913 984 3982 adulatorum
1005 3915 1166 4000 integrum
1184 3916 1325 3983 animum

194 4017 413 4081 servaverunt.
458 4014 619 4093 Quidnam
649 4017 822 4102 scriptores
853 4017 981 4102 scriptis
1009 4016 1131 4086 lucrari
1160 4019 1326 4104 potuerint

194 4118 426 4202 quaerentibus
456 4116 550 4185 nobis
578 4117 697 4202 duplex
726 4120 902 4205 praemium
931 4120 1107 4206 appetiisse
1135 4142 1191 4189 eos
1213 4126 1325 4189 notum

194 4219 250 4304 fit;
279 4221 351 4288 aliis
375 4227 429 4289 sat
456 4227 529 4288 erat
558 4221 693 4307 gloriam
721 4221 870 4308 adipisci,
900 4223 957 4290 alii
982 4224 1110 4292 diutiss
1138 4243 1325 4310 comparare

196 4323 400 4393 studuerunt.
446 4325 612 4407 Quomodo
634 4325 668 4391 hi
691 4324 854 4393 desideria
874 4325 1008 4412 implere
1029 4329 1227 4413 potnerunt?

1150 4451 1168 4505 2
