3392 5150
836 481 987 580 *ca-

340 669 440 738 verba
461 669 555 760 facit3
584 675 684 756 atque
704 671 739 736 in
761 670 890 736 Bruto
919 671 1048 756 qnoque
1070 667 1235 736 Ciceronis
1257 666 1386 754 dialogo
1407 667 1478 752 ipse

340 773 462 839 Brutus
476 795 560 844 unus
575 781 624 843 est
637 776 872 852 altercantium,
885 795 991 862 neque
1005 795 1156 859 umquam
1169 773 1252 840 hanc
1261 772 1477 840 coniecturam

339 875 496 962 fecissem,
513 879 577 946 nisi
592 878 787 946 invenissem
801 877 900 946 verba
916 878 974 948 illa
990 876 1203 964 praefationis
1220 875 1469 961 paradoxorum,

339 982 535 1065 praesertim
564 975 637 1049 cum
660 982 793 1049 Ovidius
823 981 1016 1068 apartibus
1042 981 1164 1048 nostris
1194 986 1284 1046 stare
1305 980 1469 1046 rideretur

219 1169 222 1176 ,
341 1085 399 1170 qui
419 1085 499 1154 dicit
521 1084 560 1152 dc
582 1085 675 1154 lastis
699 1085 799 1172 (trist.
820 1085 853 1152 11
876 1085 1013 1172 bttsq):

471 1206 534 1276 Sea
555 1229 610 1293 epo
628 1209 786 1292 summm
806 1207 922 1290 serpsi
943 1253 951 1269 .
973 1256 981 1272 .
1007 1255 1015 1272 .

470 1310 571 1396 quue
592 1317 658 1378 tuo
678 1330 780 1394 suaper
801 1311 953 1393 emptum
974 1309 1045 1376 aab
1067 1311 1243 1390 comica,
1271 1307 1400 1390 corsua

470 1414 1013 1498 Ettbisucratum....cpus,

342 1533 398 1608 ubi
419 1534 460 1601 dc
489 1555 599 1620 opere,
627 1535 717 1620 quod
745 1507 930 1602 dedicatum
959 1555 1028 1602 esse
1057 1538 1186 1604 mactat
1219 1539 1252 1600 et
1279 1533 1350 1616 ipse
1381 1537 1478 1616 poeta

341 1635 429 1807 gilii
443 1637 691 1807 tgjuzgcrottcm,
714 1639 827 1732 eadem
849 1637 917 1705 fere
938 1635 1039 1706 verba
1057 1635 1253 1704 adhibentur
1271 1657 1310 1702 ao
1331 1634 1371 1702 de
1388 1635 1477 1702 (lica-
1506 1706 1507 1710 ,

427 1863 465 1929 In
498 1870 643 1949 tempore
674 1865 716 1931 ad
747 1867 944 1932 sententiam
975 1885 1079 1930 meam
1109 1861 1306 1930 fulciendam
1337 1859 1478 1926 accnrnt

344 1972 458 2034 auctor
494 1967 638 2034 Graecus
673 1968 844 2035 Lucienus.
898 1967 997 2034 Cuius
1028 1965 1154 2045 libello,
1197 1964 1253 2050 qui
1287 1963 1478 2030 inscribitur

343 2082 484 2160 Νιγρῖνος
511 2073 618 2159 inopi
639 2075 806 2159 φιλοσόφου
827 2068 933 2160 ἤθους,
956 2069 1223 2156 anteit'epistula
1245 2069 1287 2135 ad
1309 2069 1478 2154 Nigrinum

343 2175 479 2259 scripta,
508 2196 573 2260 qua
601 2174 763 2241 dedicatio
793 2173 999 2261 significetur.
1043 2173 1134 2240 Idem
1159 2172 1259 2256 igitur
1281 2177 1332 2239 est
1352 2193 1477 2253 nomen,

344 2277 430 2364 quod
465 2282 574 2346 exstat
602 2278 636 2344 in
668 2278 781 2361 titulo,
816 2284 915 2364 atque
943 2279 1029 2360 eius,
1066 2277 1118 2344 oui
1145 2275 1228 2344 liber
1257 2274 1342 2342 donc
1370 2275 1476 2342 datur.

342 2375 413 2450 Nisi
443 2382 530 2468 quod
565 2383 656 2448 illum
691 2382 821 2470 quidem
851 2383 1017 2468 Nigrinum
1049 2382 1253 2448 Platonicum
1287 2400 1352 2445 non
1386 2379 1479 2463 fingit

343 2485 529 2568 loquentem
551 2486 585 2552 in
607 2485 736 2570 dialogo
758 2486 936 2565 Luciacus,
964 2484 1022 2551 sed
1050 2485 1120 2568 ipse
1149 2505 1221 2550 cum
1247 2484 1350 2550 amieo
1379 2481 1477 2547 collo-
1541 2530 1550 2536 -

344 2589 454 2672 quitur
476 2591 516 2655 de
538 2611 586 2658 eo.
630 2591 679 2656 De
701 2588 906 2656 dedicatione
927 2589 1023 2655 huius
1045 2586 1325 2655 commentationis
1354 2583 1477 2669 ambigi

343 2714 407 2759 non
429 2698 546 2776 potest.

674 2905 763 2966 biera
785 2907 818 2965 ct
839 2903 973 2982 simplex
994 2902 1152 2966 allocutio.

428 3039 500 3105 Iam
527 3043 565 3104 ut
592 3059 662 3104 rem
690 3038 863 3118 absolvam,
892 3035 1136 3103 diiudicandum
1164 3043 1223 3113 cst,
1252 3039 1359 3101 utrum
1387 3053 1478 3098 mera

345 3148 379 3208 et
400 3143 536 3225 simplex
557 3141 711 3208 allocutio
740 3161 800 3226 pro
829 3139 1041 3207 dedicationis
1069 3138 1305 3224 significatione
1326 3136 1479 3204 habenda

345 3247 389 3312 sit
408 3266 518 3314 necne.
558 3246 628 3326 Qua
649 3245 689 3312 de
711 3266 748 3311 re
770 3245 893 3311 frustra
915 3244 1035 3329 ambigi
1055 3249 1173 3329 poseat,
1195 3243 1258 3308 nisi
1279 3240 1477 3326 argumentis

344 3351 487 3434 ipsorum
495 3355 638 3416 veterum
652 3349 845 3433 scriptorum
858 3348 1087 3416 illustraretur.
1110 3348 1192 3413 Nam
1205 3368 1277 3412 cum
1289 3345 1478 3430 plerumque

345 3475 444 3539 opera
460 3453 581 3520 donata
594 3452 713 3518 litteris
727 3452 778 3518 rel
794 3449 998 3536 praefatione
1016 3451 1200 3536 praemissis
1218 3452 1258 3517 de
1275 3448 1477 3515 dedicatione

345 3579 404 3625 nos
426 3557 579 3623 certiores
601 3555 742 3642 iaciant,
772 3555 919 3642 quamvis
947 3575 1188 3640 nonnumquam
1215 3558 1283 3620 tam
1311 3552 1408 3618 breve
1435 3551 1478 3616 sit

346 3661 555 3749 prooemium,
567 3665 605 3725 ut
617 3680 645 3725 e.
656 3682 689 3745 g.
706 3659 841 3745 impleat
852 3658 994 3743 primurn
1011 3658 1087 3725 libri
1104 3659 1312 3736 enuntiatum,
1329 3655 1478 3721 nonnulli

347 3765 520 3848 scriptores
558 3783 631 3829 oum
669 3762 834 3847 prooemia
871 3767 942 3829 tum
980 3762 1078 3828 ctiam
1112 3762 1211 3828 verba
1247 3760 1321 3844 illa,
1361 3759 1478 3845 quibus

347 3867 508 3935 dedicatio
539 3866 752 3952 significatur,
788 3872 997 3951 aspernantes
1028 3866 1109 3932 satis
1138 3863 1262 3932 habent
1297 3885 1386 3944 eum,
1422 3863 1478 3948 qui

347 3972 466 4055 accipit
494 3992 591 4056 opus,
626 3970 747 4054 alloqui
777 3990 865 4036 mero
895 3972 1051 4037 vocativo.
1103 3969 1247 4034 Dicimus
1277 3988 1377 4049 enm,
1408 3965 1477 4053 qui

347 4077 516 4160 accipit,
549 4096 623 4143 narn
657 4075 844 4160 intellegere
879 4095 944 4140 non
978 4093 1146 4157 possumus
1176 4070 1253 4154 quid
1281 4069 1369 4138 aliud
1398 4070 1491 4136 haec·

347 4179 500 4246 allocutio
522 4178 651 4245 sitnisi
675 4184 753 4244 nota
782 4177 1003 4258 dedicationis,
1032 4180 1118 4242 certe
1147 4195 1207 4260 ego
1237 4173 1385 4260 equidem
1413 4173 1477 4240 alio

347 4282 443 4350 modo
464 4281 551 4348 bunc
572 4283 752 4349 vocativum
774 4280 936 4364 explicare
957 4301 1022 4346 non
1043 4299 1184 4366 possum.

434 4403 537 4484 Quam
558 4403 601 4471 ad
623 4403 842 4489 quaestionem
865 4401 1049 4470 solvendam
1069 4399 1226 4468 auxilium
1242 4397 1336 4465 nobis
1358 4397 1476 4480 ierunt,
