3392 5150
620 407 626 420 ’
699 452 852 562 ,ν-

212 643 404 735 (lypriauum
425 653 502 718 aute
523 646 604 719 duos
626 652 733 738 operis
762 652 810 719 ad
833 651 1050 732 Quirinum
1077 643 1178 720 libros
1203 642 1340 740 legimus

213 753 387 837 epistulam
408 755 494 822 hunc
515 756 550 821 in
571 758 701 823 modum
723 755 894 840 scriptam:
922 754 1103 840 Οφφνίσιιιιο
1126 757 1259 840 Quirino
1273 757 1341 842 filio

213 859 272 926 cal.
289 909 295 921 .
311 910 341 927 ..
365 865 435 944 opto
456 858 1129 944 lc,1ibcmicsimececrpcrbcnccalore.

302 963 480 1029 ductorum
502 962 699 1030 Graecorum
721 963 822 1029 Iulius
845 961 960 1028 Pollux
988 962 1119 1047 scripsit
1146 959 1341 1048 ὅνομαοταόν
1386 951 1387 954 “

215 1064 323 1130 decem
344 1065 509 1142 librorum,
534 1087 671 1153 quorum
694 1070 831 1152 quisque
851 1068 980 1133 invocat
1000 1065 1230 1151 imperatorem
1250 1067 1342 1133 Com-

214 1168 344 1234 modum
377 1171 497 1236 litteris
531 1170 693 1256 praefixis.
747 1170 928 1255 Polyaenus
965 1175 1039 1236 octo
1075 1171 1177 1237 libros
1213 1199 1342 1258 στρατη-

214 1273 363 1360 γημάτων
391 1272 527 1340 totidem
555 1275 708 1358 proemiis
737 1273 779 1340 ad
809 1272 939 1339 verbum
968 1273 1035 1339 sere
1066 1275 1342 1341 consentientibus

215 1381 388 1442 exornatos
419 1377 462 1443 ad
493 1376 535 1442 M.
565 1376 730 1444 Aurelium
761 1380 795 1442 et
821 1376 941 1442 Verum
967 1377 1075 1444 mittit.
1119 1377 1266 1462 Longum
1293 1382 1344 1442 est

221 1480 315 1562 plura
359 1499 399 1544 ex
442 1480 670 1548 innumerabili
713 1478 781 1546 fere
826 1481 921 1565 copia
960 1479 1177 1565 exemplorum
1216 1479 1342 1565 afferre,

215 1583 355 1648 animum
383 1583 590 1650 advertamus
618 1586 651 1650 in
674 1573 821 1668 exemplu¹
840 1582 995 1649 nonnulla
1022 1582 1196 1664 librorum,
1227 1583 1343 1667 quibus

216 1684 426 1753 dedicationis
464 1691 544 1752 note
582 1689 742 1775 impressa
781 1694 831 1754 est
870 1693 904 1754 et
941 1688 976 1754 iu
1015 1687 1197 1773 prooemiis·
1231 1692 1266 1754 et
1309 1687 1344 1752 in

218 1788 360 1874 epilogis.

441 1985 657 2047 Dedicationis
679 1988 755 2046 nota
777 1983 812 2045 in
834 1984 955 2064 epilogo
977 1985 1121 2064 repetita.

303 2099 402 2166 Haud
430 2121 506 2166 raro
537 2101 689 2186 prologo,
724 2102 752 2166 si
786 2099 834 2165 itu
869 2099 975 2165 dicere
1009 2101 1086 2166 licet
1121 2101 1278 2186 epistulas
1313 2107 1347 2166 et

219 2202 453 2286 praefationes,
479 2203 657 2287 respondet
679 2202 868 2289 epilogus
892 2203 1037 2286 quamuis
1065 2203 1186 2285 brevis,
1217 2225 1280 2288 quo
1309 2206 1346 2286 is,

219 2307 276 2390 qui
293 2306 411 2373 librum
428 2307 557 2392 accipit,
576 2307 683 2374 denuo
702 2301 896 2392 appellatur,
911 2312 1010 2390 atque
1027 2327 1093 2372 non
1111 2307 1215 2374 solum
1231 2309 1266 2372 in
1283 2306 1346 2372 fine

220 2409 320 2475 totius
342 2409 457 2494 operis,
481 2409 537 2476 sed
560 2410 656 2477 etiam
680 2410 878 2495 singulorum
900 2408 1056 2475 librorum
1078 2409 1239 2495 leguntur.

231 2553 233 2560 ·
264 2507 265 2510 ’
304 2509 453 2596 Origenis
475 2533 557 2598 opus
575 2518 727 2580 consens
745 2518 819 2580 octo
837 2511 931 2578 libris
949 2507 1026 2581 κατά
1045 2515 1165 2581 Κέλσου
1180 2513 1347 2597 prooemia

217 2615 318 2682 habet
345 2622 421 2681 ante
447 2616 471 2697 I,
493 2615 551 2696 III,
574 2616 628 2698 IV,
651 2616 688 2698 V,
710 2614 766 2694 VI,
788 2616 856 2697 Vll,
880 2621 1072 2700 aspernatur
1093 2615 1127 2680 in
1149 2615 1181 2680 Il
1203 2620 1237 2681 et
1259 2614 1346 2682 VlII.

156 2741 158 2744 ’
218 2717 324 2784 Huius
354 2719 430 2784 libri
461 2725 571 2786 autem
608 2719 766 2804 simulque
794 2719 896 2785 totius
931 2716 1037 2804 operis
1070 2718 1219 2784 ultimum
1250 2725 1354 2802 caput

219 2821 449 2888 allocutionem
480 2823 616 2909 praebet
652 2823 830 2904 Ambrosii,
862 2843 958 2907 quem
988 2842 1099 2888 omnes
1129 2820 1347 2907 praefationes

219 2925 399 3011 appellant:
423 2927 501 3013 ἔχεις
522 2925 550 2993 d'
573 2932 605 2994 ἐν
627 2931 751 3007 τούτοις,
774 2928 835 3012 ispi
855 2922 1025 3013 Ἀμβρόσιε,
1049 2920 1084 2994 sd
1102 2927 1185 3006 τέλος
1204 2980 1211 2994 .
1230 2977 1238 2992 .
1257 2979 1264 2993 .
1286 2925 1348 2995 τῶν

221 3032 487 3118 προστεταγμένων
508 3025 567 3098 cinci
585 3058 639 3098 σον
657 3028 778 3115 (Migne
793 3030 910 3115 patrol.
929 3029 984 3096 Gr.
1002 3029 1056 3097 Xl.
1075 3049 1105 3113 p.
1128 3033 1209 3096 1632
1229 3030 1347 3111 79913).

304 3132 500 3199 Artemidori
529 3138 637 3199 autem
665 3130 872 3221 ὀνειροκριτικά
902 3138 934 3200 et
961 3133 1053 3199 initio
1080 3138 1114 3199 et
1135 3134 1171 3199 in
1191 3131 1254 3199 fine
1275 3134 1347 3199 uni-

219 3237 416 3321 uscuiusque
431 3237 508 3304 libri
524 3243 712 3322 nuncupant
729 3258 810 3318 eum,
828 3237 919 3302 ouius
936 3236 1044 3321 patin
1061 3239 1138 3302 sunt
1155 3237 1347 3320 composita3

222 3339 262 3407 ef.
279 3340 310 3425 I,
334 3344 391 3421 82,
420 3340 468 3422 II,
491 3347 532 3407 70
553 3342 672 3430 εἴρηταί
693 3369 747 3420 σοι,
771 3343 890 3409 Κάσσιε
911 3341 1049 3427 Merope
1078 3337 1143 3420 ΠΙ,
1167 3343 1208 3404 66
1231 3340 1350 3412 Κάσσιε

221 3452 281 3525 M,
303 3443 358 3525 IV,
381 3449 422 3510 84
444 3435 469 3512 ὦ
490 3446 601 3513 τέκνον.

306 3546 454 3632 Dionysii
491 3545 732 3615 Halicarnassei
779 3547 910 3616 libellus
956 3546 1003 3612 de
1046 3545 1378 3631 compositione·
1457 3587 1461 3595 ·

220 3651 433 3718 verborum
455 3651 552 3717 etiam
572 3649 805 3734 significatione
821 3649 1035 3718 dedicationis
1053 3652 1148 3734 quasi
1164 3649 1348 3732 includitur,

221 3774 293 3820 cum
328 3754 482 3821 allocutio
524 3754 620 3839 primi
656 3755 770 3840 capitis
798 3751 910 3844 Ῥοῦφε
941 3758 1070 3824 Melita
1112 3757 1280 3839 repetatur
1315 3755 1351 3820 in

221 3857 335 3924 ultimo
354 3857 455 3941 (τοῦθ’
472 3861 544 3938 ἕξεις
561 3863 653 3944 δῶρον
669 3853 822 3946 ἡμέτερον,
845 3851 872 3926 oi
887 3857 1019 3946 Ῥοῦφε).
1051 3857 1162 3942 Neque
1179 3857 1351 3924 dissimilia

222 3961 310 4048 apud
347 3960 524 4028 Lucianum
559 3962 753 4040 invenimus,
792 3963 831 4028 cf.
865 3961 1011 4029 libellum
1045 3969 1106 4042 πῶς
1139 3967 1187 4030 δεῖ
1218 3963 1352 4049 ἱστορίαν

221 4063 347 4153 γράφειν
368 4082 394 4130 c.
415 4069 430 4129 l
455 4055 480 4134 ὦ
500 4069 572 4133 καλὲ
593 4069 707 4133 Φίλων.
730 4086 757 4132 e.
780 4069 821 4132 63
843 4056 930 4148 οὗτός
951 4091 998 4134 σοι
1019 4060 1119 4134 κανων
1146 4070 1195 4133 καί
1222 4062 1351 4154 σταθμή

222 4172 353 4256 ἱστορίας
365 4173 479 4250 δικαίας
495 4206 530 4220 -
545 4165 738 4255 Ἀλέξανδρος
750 4190 776 4235 e.
792 4171 809 4234 l
832 4167 857 4238 ὦ
879 4174 1008 4258 φίλτατε
1025 4172 1134 4250 Κέλσε,
1148 4217 1178 4237 ..
1195 4216 1202 4232 ·
1220 4171 1351 4254 πέμψαι.

223 4291 250 4342 e.
275 4277 314 4338 61
344 4271 457 4355 ταῦτα,
485 4264 512 4340 oi
542 4273 683 4364 φιλότης,
712 4276 827 4360 γράψαι
858 4269 970 4362 ἠξίωσα
1000 4281 1050 4342 καί
1080 4281 1128 4342 σοί
1157 4275 1353 4362 χαριζόμενος
1467 4292 1469 4308 ⁴

224 4372 309 4468 άνδρί
331 4379 449 4474 ἓτσιίρφι.

1170 4499 1199 4553 3·
