<?xml version="1.0" encoding="UTF-8"?>
<!DOCTYPE html PUBLIC "-//W3C//DTD XHTML 1.0 Transitional//EN"
    "http://www.w3.org/TR/xhtml1/DTD/xhtml1-transitional.dtd">
<html xmlns="http://www.w3.org/1999/xhtml" xml:lang="en" lang="en">
 <head>
  <title>
</title>
<meta http-equiv="Content-Type" content="text/html;charset=utf-8" />
  <meta name='ocr-system' content='tesseract 3.04.00' />
  <meta name='ocr-capabilities' content='ocr_page ocr_carea ocr_par ocr_line ocrx_word'/>
</head>
<body>
  <div class='ocr_page' id='page_1' title='image "./demorelibrosded00graegoog_0065.png"; bbox 0 0 3392 5150; ppageno 0'>
   <div class='ocr_carea' id='block_1_1' title="bbox 773 493 827 555">
    <p class='ocr_par' dir='ltr' id='par_1_1' title="bbox 773 493 827 555">
     <span class='ocr_line' id='line_1_1' title="bbox 773 493 827 555; baseline -0.019 0"><span class='ocrx_word' id='word_1_1' title='bbox 773 493 827 555; x_wconf 48' lang='lat' dir='ltr'>di¹</span> 
     </span>
    </p>
   </div>
   <div class='ocr_carea' id='block_1_2' title="bbox 716 580 870 590">
    <p class='ocr_par' dir='ltr' id='par_1_2' title="bbox 716 580 870 590">
     <span class='ocr_line' id='line_1_2' title="bbox 716 580 870 590; baseline -0.013 0"><span class='ocrx_word' id='word_1_2' title='bbox 716 580 870 590; x_wconf 79' lang='lat'>———</span> 
     </span>
    </p>
   </div>
   <div class='ocr_carea' id='block_1_3' title="bbox 234 677 1360 1482">
    <p class='ocr_par' dir='ltr' id='par_1_3' title="bbox 234 677 1360 1482">
     <span class='ocr_line' id='line_1_3' title="bbox 234 677 1354 764; baseline -0.005 -18"><span class='ocrx_word' id='word_1_3' title='bbox 234 679 456 764; x_wconf 79' lang='lat' dir='ltr'>Augustinum.</span> <span class='ocrx_word' id='word_1_4' title='bbox 506 678 567 758; x_wconf 88' lang='lat' dir='ltr'>Qui</span> <span class='ocrx_word' id='word_1_5' title='bbox 605 679 651 744; x_wconf 89' lang='lat' dir='ltr'>de</span> <span class='ocrx_word' id='word_1_6' title='bbox 686 678 820 745; x_wconf 89' lang='lat' dir='ltr'>anima</span> <span class='ocrx_word' id='word_1_7' title='bbox 854 677 1023 762; x_wconf 87' lang='lat' dir='ltr'>eiusque</span> <span class='ocrx_word' id='word_1_8' title='bbox 1058 677 1219 763; x_wconf 84' lang='lat' dir='ltr'>origine</span> <span class='ocrx_word' id='word_1_9' title='bbox 1253 698 1354 744; x_wconf 89' lang='lat' dir='ltr'>nuum</span> 
     </span>
     <span class='ocr_line' id='line_1_4' title="bbox 234 778 1356 864; baseline -0.002 -18"><span class='ocrx_word' id='word_1_10' title='bbox 234 780 355 848; x_wconf 92' lang='lat' dir='ltr'>librum</span> <span class='ocrx_word' id='word_1_11' title='bbox 383 781 496 850; x_wconf 79' lang='lat' dir='ltr'><strong>scribit</strong></span> <span class='ocrx_word' id='word_1_12' title='bbox 526 783 567 849; x_wconf 86' lang='lat' dir='ltr'>ad</span> <span class='ocrx_word' id='word_1_13' title='bbox 596 782 756 847; x_wconf 89' lang='lat' dir='ltr'>Renatnm</span> <span class='ocrx_word' id='word_1_14' title='bbox 786 778 979 846; x_wconf 89' lang='lat' dir='ltr'>monachum</span> <span class='ocrx_word' id='word_1_15' title='bbox 1009 779 1187 864; x_wconf 88' lang='lat' dir='ltr'>quendum,</span> <span class='ocrx_word' id='word_1_16' title='bbox 1217 781 1356 847; x_wconf 85' lang='lat' dir='ltr'>alterum</span> 
     </span>
     <span class='ocr_line' id='line_1_5' title="bbox 236 881 1357 972; baseline -0.003 -21"><span class='ocrx_word' id='word_1_17' title='bbox 236 885 278 951; x_wconf 87' lang='lat' dir='ltr'>ad</span> <span class='ocrx_word' id='word_1_18' title='bbox 299 884 432 951; x_wconf 88' lang='lat' dir='ltr'>Petrum</span> <span class='ocrx_word' id='word_1_19' title='bbox 457 885 617 972; x_wconf 89' lang='lat' dir='ltr'>quendam</span> <span class='ocrx_word' id='word_1_20' title='bbox 644 882 883 970; x_wconf 70' lang='lat' dir='ltr'>presbyterum,</span> <span class='ocrx_word' id='word_1_21' title='bbox 911 884 1045 953; x_wconf 77' lang='lat' dir='ltr'>tortium</span> <span class='ocrx_word' id='word_1_22' title='bbox 1073 887 1107 948; x_wconf 88' lang='lat' dir='ltr'>st</span> <span class='ocrx_word' id='word_1_23' title='bbox 1134 887 1287 969; x_wconf 89' lang='lat' dir='ltr'>quartum</span> <span class='ocrx_word' id='word_1_24' title='bbox 1315 881 1357 948; x_wconf 86' lang='lat' dir='ltr'>ad</span> 
     </span>
     <span class='ocr_line' id='line_1_6' title="bbox 236 983 1357 1054; baseline 0 -3"><span class='ocrx_word' id='word_1_25' title='bbox 236 986 441 1054; x_wconf 85' lang='lat' dir='ltr'>Vincentium</span> <span class='ocrx_word' id='word_1_26' title='bbox 458 985 629 1054; x_wconf 78' lang='lat' dir='ltr'>Victorem.</span> <span class='ocrx_word' id='word_1_27' title='bbox 666 984 744 1052; x_wconf 83' lang='lat' dir='ltr'>Veri</span> <span class='ocrx_word' id='word_1_28' title='bbox 761 983 917 1051; x_wconf 75' lang='lat' dir='ltr'>dissimile</span> <span class='ocrx_word' id='word_1_29' title='bbox 938 985 1017 1050; x_wconf 89' lang='lat' dir='ltr'>mihi</span> <span class='ocrx_word' id='word_1_30' title='bbox 1039 1005 1103 1052; x_wconf 92' lang='lat' dir='ltr'>non</span> <span class='ocrx_word' id='word_1_31' title='bbox 1124 985 1250 1052; x_wconf 82' lang='lat' dir='ltr'>ridetur</span> <span class='ocrx_word' id='word_1_32' title='bbox 1265 985 1357 1051; x_wconf 89' lang='lat' dir='ltr'>initio</span> 
     </span>
     <span class='ocr_line' id='line_1_7' title="bbox 238 1087 1358 1180; baseline -0.003 -24"><span class='ocrx_word' id='word_1_33' title='bbox 238 1109 312 1156; x_wconf 87' lang='lat' dir='ltr'>eum</span> <span class='ocrx_word' id='word_1_34' title='bbox 340 1110 376 1160; x_wconf 84' lang='lat' dir='ltr'>se</span> <span class='ocrx_word' id='word_1_35' title='bbox 404 1093 557 1180; x_wconf 82' lang='lat' dir='ltr'>quattuor</span> <span class='ocrx_word' id='word_1_36' title='bbox 577 1089 741 1162; x_wconf 83' lang='lat' dir='ltr'>volumina</span> <span class='ocrx_word' id='word_1_37' title='bbox 768 1087 977 1180; x_wconf 72' lang='lat' dir='ltr'>impleremur</span> <span class='ocrx_word' id='word_1_38' title='bbox 1005 1109 1071 1174; x_wconf 76' lang='lat' dir='ltr'>noe</span> <span class='ocrx_word' id='word_1_39' title='bbox 1098 1087 1273 1174; x_wconf 59' lang='lat' dir='ltr'>regimem,</span> <span class='ocrx_word' id='word_1_40' title='bbox 1301 1088 1358 1166; x_wconf 78' lang='lat' dir='ltr'>sed</span> 
     </span>
     <span class='ocr_line' id='line_1_8' title="bbox 237 1190 1360 1276; baseline -0.002 -18"><span class='ocrx_word' id='word_1_41' title='bbox 237 1193 355 1259; x_wconf 89' lang='lat' dir='ltr'>iterum</span> <span class='ocrx_word' id='word_1_42' title='bbox 383 1213 423 1258; x_wconf 91' lang='lat' dir='ltr'>ac</span> <span class='ocrx_word' id='word_1_43' title='bbox 450 1193 577 1276; x_wconf 83' lang='lat' dir='ltr'>saepius</span> <span class='ocrx_word' id='word_1_44' title='bbox 606 1192 649 1261; x_wconf 87' lang='lat' dir='ltr'>cd</span> <span class='ocrx_word' id='word_1_45' title='bbox 677 1191 813 1264; x_wconf 80' lang='lat' dir='ltr'>eaodem</span> <span class='ocrx_word' id='word_1_46' title='bbox 840 1210 909 1261; x_wconf 84' lang='lat' dir='ltr'>rem</span> <span class='ocrx_word' id='word_1_47' title='bbox 938 1190 1144 1266; x_wconf 74' lang='lat' dir='ltr'>eructandum</span> <span class='ocrx_word' id='word_1_48' title='bbox 1175 1191 1360 1272; x_wconf 79' lang='lat' dir='ltr'>recurrisse,</span> 
     </span>
     <span class='ocr_line' id='line_1_9' title="bbox 240 1291 1360 1379; baseline -0.003 -18"><span class='ocrx_word' id='word_1_49' title='bbox 240 1293 327 1379; x_wconf 91' lang='lat' dir='ltr'>quod</span> <span class='ocrx_word' id='word_1_50' title='bbox 354 1294 493 1361; x_wconf 83' lang='lat' dir='ltr'>fortasse</span> <span class='ocrx_word' id='word_1_51' title='bbox 520 1294 596 1360; x_wconf 92' lang='lat' dir='ltr'>huic</span> <span class='ocrx_word' id='word_1_52' title='bbox 624 1293 808 1379; x_wconf 90' lang='lat' dir='ltr'>quaestioni</span> <span class='ocrx_word' id='word_1_53' title='bbox 835 1292 977 1359; x_wconf 93' lang='lat' dir='ltr'>nondum</span> <span class='ocrx_word' id='word_1_54' title='bbox 1005 1292 1133 1359; x_wconf 87' lang='lat' dir='ltr'>abunde</span> <span class='ocrx_word' id='word_1_55' title='bbox 1164 1291 1360 1360; x_wconf 73' lang='lat' dir='ltr'>satisfecisse</span> 
     </span>
     <span class='ocr_line' id='line_1_10' title="bbox 239 1395 1097 1482; baseline 0.001 -20"><span class='ocrx_word' id='word_1_56' title='bbox 239 1396 301 1463; x_wconf 91' lang='lat' dir='ltr'>sibi</span> <span class='ocrx_word' id='word_1_57' title='bbox 322 1396 498 1478; x_wconf 80' lang='lat' dir='ltr'>ridebatur,</span> <span class='ocrx_word' id='word_1_58' title='bbox 519 1397 570 1462; x_wconf 87' lang='lat' dir='ltr'>vel</span> <span class='ocrx_word' id='word_1_59' title='bbox 591 1397 679 1482; x_wconf 90' lang='lat' dir='ltr'>qnod</span> <span class='ocrx_word' id='word_1_60' title='bbox 700 1395 875 1462; x_wconf 85' lang='lat' dir='ltr'>adversarii</span> <span class='ocrx_word' id='word_1_61' title='bbox 898 1396 1097 1463; x_wconf 87' lang='lat' dir='ltr'>exstiterant.</span> 
     </span>
    </p>
   </div>
   <div class='ocr_carea' id='block_1_4' title="bbox 325 1483 1490 1585">
    <p class='ocr_par' dir='ltr' id='par_1_4' title="bbox 325 1483 1490 1585">
     <span class='ocr_line' id='line_1_11' title="bbox 325 1483 1490 1585; baseline -0.003 -21"><span class='ocrx_word' id='word_1_62' title='bbox 325 1499 416 1578; x_wconf 87' lang='lat' dir='ltr'>Quod</span> <span class='ocrx_word' id='word_1_63' title='bbox 436 1502 476 1564; x_wconf 92' lang='lat' dir='ltr'>ut</span> <span class='ocrx_word' id='word_1_64' title='bbox 497 1498 712 1584; x_wconf 89' lang='lat' dir='ltr'>suspicemur,</span> <span class='ocrx_word' id='word_1_65' title='bbox 743 1497 866 1565; x_wconf 87' lang='lat' dir='ltr'>Graeco</span> <span class='ocrx_word' id='word_1_66' title='bbox 886 1496 1033 1581; x_wconf 86' lang='lat' dir='ltr'>exemplo</span> <span class='ocrx_word' id='word_1_67' title='bbox 1056 1497 1247 1564; x_wconf 82' lang='lat' dir='ltr'>adducimur</span> <span class='ocrx_word' id='word_1_68' title='bbox 1268 1483 1362 1565; x_wconf 76' lang='lat' dir='ltr'>Arte·</span> <span class='ocrx_word' id='word_1_69' title='bbox 1484 1573 1490 1585; x_wconf 28' lang='grc' dir='ltr'>ι</span> 
     </span>
    </p>
   </div>
   <div class='ocr_carea' id='block_1_5' title="bbox 216 1597 1376 3745">
    <p class='ocr_par' dir='ltr' id='par_1_5' title="bbox 240 1597 1366 2201">
     <span class='ocr_line' id='line_1_12' title="bbox 241 1597 1363 1694; baseline -0.001 -28"><span class='ocrx_word' id='word_1_70' title='bbox 241 1603 363 1683; x_wconf 84' lang='lat' dir='ltr'>midori,</span> <span class='ocrx_word' id='word_1_71' title='bbox 393 1601 449 1686; x_wconf 87' lang='lat' dir='ltr'>qui</span> <span class='ocrx_word' id='word_1_72' title='bbox 468 1600 590 1668; x_wconf 84' lang='lat' dir='ltr'>librum</span> <span class='ocrx_word' id='word_1_73' title='bbox 608 1600 651 1666; x_wconf 81' lang='lat' dir='ltr'>IV</span> <span class='ocrx_word' id='word_1_74' title='bbox 675 1597 904 1690; x_wconf 71' lang='grc' dir='ltr'><em>ὄνειροκριτικιιῖν</em></span> <span class='ocrx_word' id='word_1_75' title='bbox 925 1601 1016 1666; x_wconf 83' lang='lat' dir='ltr'>misit</span> <span class='ocrx_word' id='word_1_76' title='bbox 1036 1600 1113 1684; x_wconf 89' lang='lat' dir='ltr'>fili0‚</span> <span class='ocrx_word' id='word_1_77' title='bbox 1143 1601 1234 1681; x_wconf 74' lang='lat' dir='ltr'>cuius</span> <span class='ocrx_word' id='word_1_78' title='bbox 1256 1599 1363 1694; x_wconf 69' lang='lat' dir='ltr'>operis</span> 
     </span>
     <span class='ocr_line' id='line_1_13' title="bbox 240 1701 1363 1791; baseline -0.005 -20"><span class='ocrx_word' id='word_1_79' title='bbox 240 1705 317 1772; x_wconf 88' lang='lat' dir='ltr'>libri</span> <span class='ocrx_word' id='word_1_80' title='bbox 339 1703 444 1770; x_wconf 90' lang='lat' dir='ltr'>I—III</span> <span class='ocrx_word' id='word_1_81' title='bbox 465 1703 632 1790; x_wconf 75' lang='lat' dir='ltr'>appellant</span> <span class='ocrx_word' id='word_1_82' title='bbox 654 1703 801 1770; x_wconf 83' lang='lat' dir='ltr'>Cassium</span> <span class='ocrx_word' id='word_1_83' title='bbox 822 1702 1010 1770; x_wconf 85' lang='lat' dir='ltr'>Maximum.</span> <span class='ocrx_word' id='word_1_84' title='bbox 1045 1704 1120 1791; x_wconf 86' lang='lat' dir='ltr'>lpse</span> <span class='ocrx_word' id='word_1_85' title='bbox 1141 1701 1223 1777; x_wconf 84' lang='lat' dir='ltr'>dicit</span> <span class='ocrx_word' id='word_1_86' title='bbox 1239 1701 1282 1768; x_wconf 88' lang='lat' dir='ltr'>lV</span> <span class='ocrx_word' id='word_1_87' title='bbox 1299 1701 1363 1790; x_wconf 71' lang='lat' dir='ltr'>pri.</span> 
     </span>
     <span class='ocr_line' id='line_1_14' title="bbox 241 1801 1366 1902; baseline -0.004 -25"><span class='ocrx_word' id='word_1_88' title='bbox 241 1809 360 1877; x_wconf 75' lang='grc' dir='ltr'><strong><em>ἐδόκουν</em></strong></span> <span class='ocrx_word' id='word_1_89' title='bbox 387 1803 589 1894; x_wconf 72' lang='grc' dir='ltr'><em>α’ποχρώντως</em></span> <span class='ocrx_word' id='word_1_90' title='bbox 617 1807 696 1894; x_wconf 76' lang='grc' dir='ltr'><em>ἔχειν</em></span> <span class='ocrx_word' id='word_1_91' title='bbox 724 1801 780 1896; x_wconf 73' lang='grc' dir='ltr'>τήν</span> <span class='ocrx_word' id='word_1_92' title='bbox 808 1811 1019 1895; x_wconf 70' lang='grc' dir='ltr'><em>πραγματείαν</em></span> <span class='ocrx_word' id='word_1_93' title='bbox 1040 1812 1107 1875; x_wconf 78' lang='lat' dir='ltr'>deut</span> <span class='ocrx_word' id='word_1_94' title='bbox 1132 1807 1366 1902; x_wconf 72' lang='grc' dir='ltr'><em>πιριαιρισμένηγ</em></span> 
     </span>
     <span class='ocr_line' id='line_1_15' title="bbox 243 1897 1366 1999; baseline -0.003 -21"><span class='ocrx_word' id='word_1_95' title='bbox 243 1897 381 1999; x_wconf 51' lang='grc' dir='ltr'><em>βιβλίοις)</em></span> <span class='ocrx_word' id='word_1_96' title='bbox 413 1910 470 1975; x_wconf 90' lang='lat' dir='ltr'>sed</span> <span class='ocrx_word' id='word_1_97' title='bbox 500 1909 615 1976; x_wconf 87' lang='lat' dir='ltr'>tertius</span> <span class='ocrx_word' id='word_1_98' title='bbox 644 1908 728 1975; x_wconf 90' lang='lat' dir='ltr'>liber</span> <span class='ocrx_word' id='word_1_99' title='bbox 759 1909 925 1976; x_wconf 92' lang='lat' dir='ltr'>addendus</span> <span class='ocrx_word' id='word_1_100' title='bbox 957 1914 1042 1990; x_wconf 88' lang='lat' dir='ltr'>erat,</span> <span class='ocrx_word' id='word_1_101' title='bbox 1079 1929 1175 1993; x_wconf 92' lang='lat' dir='ltr'>quem</span> <span class='ocrx_word' id='word_1_102' title='bbox 1205 1907 1366 1986; x_wconf 71' lang='lat' dir='ltr'>dediderit</span> 
     </span>
     <span class='ocr_line' id='line_1_16' title="bbox 244 2011 1365 2099; baseline -0.001 -19"><span class='ocrx_word' id='word_1_103' title='bbox 244 2012 357 2080; x_wconf 77' lang='lat' dir='ltr'>(tassio</span> <span class='ocrx_word' id='word_1_104' title='bbox 370 2011 523 2078; x_wconf 82' lang='lat' dir='ltr'>Maximo.</span> <span class='ocrx_word' id='word_1_105' title='bbox 554 2011 650 2079; x_wconf 85' lang='lat' dir='ltr'>Aliud</span> <span class='ocrx_word' id='word_1_106' title='bbox 668 2011 927 2099; x_wconf 90' lang='lat' dir='ltr'>supplementum</span> <span class='ocrx_word' id='word_1_107' title='bbox 944 2013 1120 2097; x_wconf 80' lang='lat' dir='ltr'>praebetur</span> <span class='ocrx_word' id='word_1_108' title='bbox 1136 2011 1230 2079; x_wconf 90' lang='lat' dir='ltr'>libris</span> <span class='ocrx_word' id='word_1_109' title='bbox 1249 2015 1365 2096; x_wconf 75' lang='lat' dir='ltr'>quarto</span> 
     </span>
     <span class='ocr_line' id='line_1_17' title="bbox 244 2113 661 2201; baseline 0.002 -19"><span class='ocrx_word' id='word_1_110' title='bbox 244 2120 279 2182; x_wconf 90' lang='lat' dir='ltr'>et</span> <span class='ocrx_word' id='word_1_111' title='bbox 299 2114 412 2201; x_wconf 88' lang='lat' dir='ltr'>quinto</span> <span class='ocrx_word' id='word_1_112' title='bbox 433 2113 501 2180; x_wconf 85' lang='lat' dir='ltr'>lilio</span> <span class='ocrx_word' id='word_1_113' title='bbox 523 2114 661 2183; x_wconf 85' lang='lat' dir='ltr'>donatis.</span> 
     </span>
    </p>

    <p class='ocr_par' dir='ltr' id='par_1_6' title="bbox 216 2214 1373 3340">
     <span class='ocr_line' id='line_1_18' title="bbox 330 2214 1368 2302; baseline 0.002 -20"><span class='ocrx_word' id='word_1_114' title='bbox 330 2216 464 2284; x_wconf 90' lang='lat' dir='ltr'>Photius</span> <span class='ocrx_word' id='word_1_115' title='bbox 500 2215 638 2302; x_wconf 90' lang='lat' dir='ltr'>denique</span> <span class='ocrx_word' id='word_1_116' title='bbox 669 2218 910 2285; x_wconf 85' lang='lat' dir='ltr'>accuratissime</span> <span class='ocrx_word' id='word_1_117' title='bbox 940 2238 1000 2284; x_wconf 91' lang='lat' dir='ltr'>nos</span> <span class='ocrx_word' id='word_1_118' title='bbox 1030 2217 1185 2294; x_wconf 77' lang='lat' dir='ltr'>certiores</span> <span class='ocrx_word' id='word_1_119' title='bbox 1216 2214 1298 2284; x_wconf 89' lang='lat' dir='ltr'>facit</span> <span class='ocrx_word' id='word_1_120' title='bbox 1327 2215 1368 2284; x_wconf 90' lang='lat' dir='ltr'>de</span> 
     </span>
     <span class='ocr_line' id='line_1_19' title="bbox 247 2318 1369 2410; baseline 0 -24"><span class='ocrx_word' id='word_1_121' title='bbox 247 2339 343 2406; x_wconf 82' lang='lat' dir='ltr'>opere</span> <span class='ocrx_word' id='word_1_122' title='bbox 353 2319 523 2405; x_wconf 77' lang='lat' dir='ltr'>Phrynichi</span> <span class='ocrx_word' id='word_1_123' title='bbox 532 2318 700 2410; x_wconf 73' lang='grc' dir='ltr'><em>(σοφιστικῆ</em></span> <span class='ocrx_word' id='word_1_124' title='bbox 709 2323 899 2410; x_wconf 79' lang='grc' dir='ltr'><em>παρασκευή),</em></span> <span class='ocrx_word' id='word_1_125' title='bbox 913 2321 998 2405; x_wconf 84' lang='lat' dir='ltr'>quod</span> <span class='ocrx_word' id='word_1_126' title='bbox 1007 2321 1178 2405; x_wconf 71' lang='lat' dir='ltr'>iniquitate</span> <span class='ocrx_word' id='word_1_127' title='bbox 1186 2323 1369 2406; x_wconf 77' lang='lat' dir='ltr'>temporum</span> 
     </span>
     <span class='ocr_line' id='line_1_20' title="bbox 246 2409 1370 2504; baseline 0 -14"><span class='ocrx_word' id='word_1_128' title='bbox 246 2424 379 2504; x_wconf 89' lang='lat' dir='ltr'>interiit,</span> <span class='ocrx_word' id='word_1_129' title='bbox 402 2428 572 2490; x_wconf 71' lang='lat' dir='ltr'>constante</span> <span class='ocrx_word' id='word_1_130' title='bbox 589 2425 739 2490; x_wconf 82' lang='lat' dir='ltr'>XXXVII</span> <span class='ocrx_word' id='word_1_131' title='bbox 757 2424 850 2491; x_wconf 92' lang='lat' dir='ltr'>libris</span> <span class='ocrx_word' id='word_1_132' title='bbox 873 2424 1007 2490; x_wconf 88' lang='lat' dir='ltr'>diversis</span> <span class='ocrx_word' id='word_1_133' title='bbox 1028 2423 1209 2490; x_wconf 93' lang='lat' dir='ltr'>hominibus</span> <span class='ocrx_word' id='word_1_134' title='bbox 1231 2409 1370 2500; x_wconf 60' lang='lat' dir='ltr'>donatis,</span> 
     </span>
     <span class='ocr_line' id='line_1_21' title="bbox 247 2523 1369 2611; baseline 0 -20"><span class='ocrx_word' id='word_1_135' title='bbox 247 2526 363 2592; x_wconf 89' lang='lat' dir='ltr'>Totum</span> <span class='ocrx_word' id='word_1_136' title='bbox 385 2546 467 2611; x_wconf 90' lang='lat' dir='ltr'>opus</span> <span class='ocrx_word' id='word_1_137' title='bbox 490 2526 622 2592; x_wconf 83' lang='lat' dir='ltr'>adfatur</span> <span class='ocrx_word' id='word_1_138' title='bbox 643 2526 882 2611; x_wconf 87' lang='lat' dir='ltr'>imperatorem.</span> <span class='ocrx_word' id='word_1_139' title='bbox 896 2525 1124 2608; x_wconf 69' lang='lat' dir='ltr'>Commodum</span> <span class='ocrx_word' id='word_1_140' title='bbox 1151 2523 1190 2595; x_wconf 87' lang='lat' dir='ltr'>ci.</span> <span class='ocrx_word' id='word_1_141' title='bbox 1213 2526 1282 2595; x_wconf 83' lang='lat' dir='ltr'>cod.</span> <span class='ocrx_word' id='word_1_142' title='bbox 1308 2526 1369 2597; x_wconf 76' lang='lat'>158</span> 
     </span>
     <span class='ocr_line' id='line_1_22' title="bbox 248 2624 1371 2722; baseline 0 -24"><span class='ocrx_word' id='word_1_143' title='bbox 248 2631 324 2718; x_wconf 77' lang='grc' dir='ltr'><em>λέγει</em></span> <span class='ocrx_word' id='word_1_144' title='bbox 354 2629 400 2712; x_wconf 78' lang='grc' dir='ltr'>λζ’</span> <span class='ocrx_word' id='word_1_145' title='bbox 423 2624 508 2722; x_wconf 68' lang='lat' dir='ltr'>urire]</span> <span class='ocrx_word' id='word_1_146' title='bbox 535 2632 624 2717; x_wconf 82' lang='grc' dir='ltr'><em>μέχρι</em></span> <span class='ocrx_word' id='word_1_147' title='bbox 653 2629 708 2699; x_wconf 64' lang='lat' dir='ltr'>tob</span> <span class='ocrx_word' id='word_1_148' title='bbox 729 2633 796 2699; x_wconf 74' lang='grc' dir='ltr'>τότε</span> <span class='ocrx_word' id='word_1_149' title='bbox 819 2629 924 2716; x_wconf 71' lang='grc' dir='ltr'><em>καιροῦ</em></span> <span class='ocrx_word' id='word_1_150' title='bbox 945 2631 1150 2717; x_wconf 72' lang='grc' dir='ltr'><em>συντετάχθαι</em></span> <span class='ocrx_word' id='word_1_151' title='bbox 1172 2629 1292 2722; x_wconf 60' lang='grc' dir='ltr'><em>λόγους,</em></span> <span class='ocrx_word' id='word_1_152' title='bbox 1321 2630 1371 2710; x_wconf 77' lang='grc' dir='ltr'>οὓς</span> 
     </span>
     <span class='ocr_line' id='line_1_23' title="bbox 248 2727 1372 2826; baseline -0.002 -26"><span class='ocrx_word' id='word_1_153' title='bbox 248 2739 296 2800; x_wconf 75' lang='grc' dir='ltr'>καὶ</span> <span class='ocrx_word' id='word_1_154' title='bbox 324 2727 501 2801; x_wconf 69' lang='grc' dir='ltr'><em>ἀναθέσθαι</em></span> <span class='ocrx_word' id='word_1_155' title='bbox 530 2734 609 2820; x_wconf 79' lang='grc' dir='ltr'><em>λέγει</em></span> <span class='ocrx_word' id='word_1_156' title='bbox 636 2739 679 2826; x_wconf 79' lang='grc' dir='ltr'>τῷ</span> <span class='ocrx_word' id='word_1_157' title='bbox 703 2743 829 2820; x_wconf 68' lang='grc' dir='ltr'><em>βασιλεῖ.</em></span> <span class='ocrx_word' id='word_1_158' title='bbox 873 2732 1023 2818; x_wconf 82' lang='lat' dir='ltr'>Singulos</span> <span class='ocrx_word' id='word_1_159' title='bbox 1052 2738 1160 2800; x_wconf 89' lang='lat' dir='ltr'>autem</span> <span class='ocrx_word' id='word_1_160' title='bbox 1186 2732 1288 2800; x_wconf 88' lang='lat' dir='ltr'>libros</span> <span class='ocrx_word' id='word_1_161' title='bbox 1313 2732 1372 2809; x_wconf 92' lang='lat' dir='ltr'>ubi</span> 
     </span>
     <span class='ocr_line' id='line_1_24' title="bbox 248 2834 1371 2926; baseline -0.001 -26"><span class='ocrx_word' id='word_1_162' title='bbox 248 2836 384 2920; x_wconf 90' lang='lat' dir='ltr'>primum</span> <span class='ocrx_word' id='word_1_163' title='bbox 407 2834 603 2915; x_wconf 84' lang='lat' dir='ltr'>absolverat,</span> <span class='ocrx_word' id='word_1_164' title='bbox 632 2838 695 2920; x_wconf 89' lang='lat' dir='ltr'>eis,</span> <span class='ocrx_word' id='word_1_165' title='bbox 710 2920 712 2926; x_wconf 28' lang='grc' dir='ltr'>Ι</span> <span class='ocrx_word' id='word_1_166' title='bbox 726 2836 841 2920; x_wconf 89' lang='lat' dir='ltr'>quibus</span> <span class='ocrx_word' id='word_1_167' title='bbox 870 2835 979 2920; x_wconf 88' lang='lat' dir='ltr'>aliquo</span> <span class='ocrx_word' id='word_1_168' title='bbox 1005 2836 1099 2902; x_wconf 93' lang='lat' dir='ltr'>modo</span> <span class='ocrx_word' id='word_1_169' title='bbox 1121 2857 1156 2902; x_wconf 89' lang='lat' dir='ltr'>se</span> <span class='ocrx_word' id='word_1_170' title='bbox 1178 2835 1371 2905; x_wconf 90' lang='lat' dir='ltr'>obstrictum</span> 
     </span>
     <span class='ocr_line' id='line_1_25' title="bbox 248 2937 1371 3028; baseline 0 -24"><span class='ocrx_word' id='word_1_171' title='bbox 248 2937 383 3022; x_wconf 76' lang='lat' dir='ltr'>putavit,</span> <span class='ocrx_word' id='word_1_172' title='bbox 396 2939 432 3003; x_wconf 92' lang='lat' dir='ltr'>in</span> <span class='ocrx_word' id='word_1_173' title='bbox 444 2958 558 3004; x_wconf 86' lang='lat' dir='ltr'>manus</span> <span class='ocrx_word' id='word_1_174' title='bbox 571 2939 668 3019; x_wconf 87' lang='lat' dir='ltr'>dedit,</span> <span class='ocrx_word' id='word_1_175' title='bbox 687 2939 788 3005; x_wconf 92' lang='lat' dir='ltr'>alium</span> <span class='ocrx_word' id='word_1_176' title='bbox 801 2960 827 3004; x_wconf 88' lang='lat' dir='ltr'>e.</span> <span class='ocrx_word' id='word_1_177' title='bbox 841 2961 869 3024; x_wconf 86' lang='lat' dir='ltr'>g.</span> <span class='ocrx_word' id='word_1_178' title='bbox 883 2939 1030 3006; x_wconf 81' lang='lat' dir='ltr'>natalicii</span> <span class='ocrx_word' id='word_1_179' title='bbox 1043 2938 1100 3014; x_wconf 89' lang='lat' dir='ltr'>sub</span> <span class='ocrx_word' id='word_1_180' title='bbox 1113 2937 1210 3016; x_wconf 82' lang='lat' dir='ltr'>titulo</span> <span class='ocrx_word' id='word_1_181' title='bbox 1225 2938 1371 3028; x_wconf 79' lang='lat' dir='ltr'>offerens,</span> 
     </span>
     <span class='ocr_line' id='line_1_26' title="bbox 216 3029 1373 3128; baseline 0.002 -22"><span class='ocrx_word' id='word_1_182' title='bbox 216 3087 218 3093; x_wconf 87' lang='lat'><em>-</em></span> <span class='ocrx_word' id='word_1_183' title='bbox 249 3041 348 3107; x_wconf 89' lang='lat' dir='ltr'>alium</span> <span class='ocrx_word' id='word_1_184' title='bbox 361 3039 552 3114; x_wconf 80' lang='lat' dir='ltr'>emenddndi</span> <span class='ocrx_word' id='word_1_185' title='bbox 570 3029 885 3126; x_wconf 57' lang='lat' dir='ltr'>curam&#39;impertiens</span> <span class='ocrx_word' id='word_1_186' title='bbox 903 3044 1006 3108; x_wconf 87' lang='lat' dir='ltr'>amico</span> <span class='ocrx_word' id='word_1_187' title='bbox 1024 3048 1095 3126; x_wconf 87' lang='lat' dir='ltr'>etc,</span> <span class='ocrx_word' id='word_1_188' title='bbox 1113 3063 1196 3127; x_wconf 89' lang='lat' dir='ltr'>quas</span> <span class='ocrx_word' id='word_1_189' title='bbox 1210 3061 1262 3108; x_wconf 91' lang='lat' dir='ltr'>res</span> <span class='ocrx_word' id='word_1_190' title='bbox 1275 3063 1373 3128; x_wconf 89' lang='lat' dir='ltr'>supra</span> 
     </span>
     <span class='ocr_line' id='line_1_27' title="bbox 250 3133 1372 3239; baseline 0.003 -31"><span class='ocrx_word' id='word_1_191' title='bbox 250 3162 310 3209; x_wconf 91' lang='lat' dir='ltr'>suo</span> <span class='ocrx_word' id='word_1_192' title='bbox 326 3143 397 3209; x_wconf 89' lang='lat' dir='ltr'>loco</span> <span class='ocrx_word' id='word_1_193' title='bbox 414 3143 544 3228; x_wconf 90' lang='lat' dir='ltr'>protuli.</span> <span class='ocrx_word' id='word_1_194' title='bbox 555 3144 579 3228; x_wconf 83' lang='lat'>¹)</span> <span class='ocrx_word' id='word_1_195' title='bbox 619 3144 767 3236; x_wconf 79' lang='lat' dir='ltr'>Universi</span> <span class='ocrx_word' id='word_1_196' title='bbox 789 3143 903 3211; x_wconf 91' lang='lat' dir='ltr'>deinde</span> <span class='ocrx_word' id='word_1_197' title='bbox 924 3144 1001 3211; x_wconf 91' lang='lat' dir='ltr'>libri</span> <span class='ocrx_word' id='word_1_198' title='bbox 1022 3145 1149 3212; x_wconf 88' lang='lat' dir='ltr'>collecti</span> <span class='ocrx_word' id='word_1_199' title='bbox 1170 3144 1212 3211; x_wconf 87' lang='lat' dir='ltr'>ad</span> <span class='ocrx_word' id='word_1_200' title='bbox 1232 3133 1372 3239; x_wconf 78' lang='lat' dir='ltr'>impera-</span> 
     </span>
     <span class='ocr_line' id='line_1_28' title="bbox 250 3244 1372 3340; baseline -0.001 -27"><span class='ocrx_word' id='word_1_201' title='bbox 250 3247 355 3313; x_wconf 84' lang='lat' dir='ltr'>torem</span> <span class='ocrx_word' id='word_1_202' title='bbox 377 3244 610 3340; x_wconf 76' lang='lat' dir='ltr'>festineyermt</span> <span class='ocrx_word' id='word_1_203' title='bbox 630 3252 805 3334; x_wconf 88' lang='lat' dir='ltr'>propterea</span> <span class='ocrx_word' id='word_1_204' title='bbox 825 3247 859 3313; x_wconf 92' lang='lat' dir='ltr'>ni</span> <span class='ocrx_word' id='word_1_205' title='bbox 880 3246 991 3329; x_wconf 84' lang='lat' dir='ltr'>fallor,</span> <span class='ocrx_word' id='word_1_206' title='bbox 1019 3252 1058 3314; x_wconf 93' lang='lat' dir='ltr'>nt</span> <span class='ocrx_word' id='word_1_207' title='bbox 1078 3248 1192 3314; x_wconf 90' lang='lat' dir='ltr'>melius</span> <span class='ocrx_word' id='word_1_208' title='bbox 1219 3247 1372 3326; x_wconf 75' lang='lat' dir='ltr'>vernent.</span> 
     </span>
    </p>

    <p class='ocr_par' dir='ltr' id='par_1_7' title="bbox 251 3347 1376 3745">
     <span class='ocr_line' id='line_1_29' title="bbox 339 3347 1374 3437; baseline 0.006 -25"><span class='ocrx_word' id='word_1_209' title='bbox 339 3347 484 3437; x_wconf 84' lang='lat' dir='ltr'>Denique</span> <span class='ocrx_word' id='word_1_210' title='bbox 501 3349 531 3436; x_wconf 76' lang='lat' dir='ltr'>si</span> <span class='ocrx_word' id='word_1_211' title='bbox 549 3350 704 3424; x_wconf 73' lang='lat' dir='ltr'>addidero</span> <span class='ocrx_word' id='word_1_212' title='bbox 723 3355 775 3418; x_wconf 88' lang='lat' dir='ltr'>sat</span> <span class='ocrx_word' id='word_1_213' title='bbox 794 3351 914 3417; x_wconf 90' lang='lat' dir='ltr'>multos</span> <span class='ocrx_word' id='word_1_214' title='bbox 931 3351 1105 3434; x_wconf 88' lang='lat' dir='ltr'>scriptores</span> <span class='ocrx_word' id='word_1_215' title='bbox 1119 3351 1259 3420; x_wconf 88' lang='lat' dir='ltr'>Graecos</span> <span class='ocrx_word' id='word_1_216' title='bbox 1272 3350 1374 3418; x_wconf 92' lang='lat' dir='ltr'>libros</span> 
     </span>
     <span class='ocr_line' id='line_1_30' title="bbox 251 3451 1375 3542; baseline 0.003 -26"><span class='ocrx_word' id='word_1_217' title='bbox 251 3471 327 3517; x_wconf 88' lang='lat' dir='ltr'>suos</span> <span class='ocrx_word' id='word_1_218' title='bbox 348 3451 474 3518; x_wconf 89' lang='lat' dir='ltr'>misisse</span> <span class='ocrx_word' id='word_1_219' title='bbox 496 3451 665 3536; x_wconf 83' lang='lat' dir='ltr'>Romanis,</span> <span class='ocrx_word' id='word_1_220' title='bbox 694 3452 728 3526; x_wconf 87' lang='lat' dir='ltr'>id</span> <span class='ocrx_word' id='word_1_221' title='bbox 758 3453 843 3542; x_wconf 79' lang='lat' dir='ltr'>quod</span> <span class='ocrx_word' id='word_1_222' title='bbox 871 3475 936 3521; x_wconf 90' lang='lat' dir='ltr'>non</span> <span class='ocrx_word' id='word_1_223' title='bbox 965 3453 1062 3522; x_wconf 89' lang='lat' dir='ltr'>semel</span> <span class='ocrx_word' id='word_1_224' title='bbox 1090 3455 1123 3520; x_wconf 93' lang='lat' dir='ltr'>in</span> <span class='ocrx_word' id='word_1_225' title='bbox 1145 3454 1375 3522; x_wconf 78' lang='lat' dir='ltr'>dissertatione</span> 
     </span>
     <span class='ocr_line' id='line_1_31' title="bbox 253 3554 1376 3642; baseline 0.004 -24"><span class='ocrx_word' id='word_1_226' title='bbox 253 3554 447 3638; x_wconf 76' lang='lat' dir='ltr'>annotavi,²)</span> <span class='ocrx_word' id='word_1_227' title='bbox 466 3573 539 3620; x_wconf 91' lang='lat' dir='ltr'>cum</span> <span class='ocrx_word' id='word_1_228' title='bbox 556 3561 672 3622; x_wconf 89' lang='lat' dir='ltr'>contra</span> <span class='ocrx_word' id='word_1_229' title='bbox 688 3556 813 3628; x_wconf 89' lang='lat' dir='ltr'>nullum</span> <span class='ocrx_word' id='word_1_230' title='bbox 830 3558 1010 3642; x_wconf 88' lang='lat' dir='ltr'>exemplum</span> <span class='ocrx_word' id='word_1_231' title='bbox 1029 3556 1145 3623; x_wconf 89' lang='lat' dir='ltr'>afferre</span> <span class='ocrx_word' id='word_1_232' title='bbox 1161 3558 1282 3641; x_wconf 88' lang='lat' dir='ltr'>possim</span> <span class='ocrx_word' id='word_1_233' title='bbox 1298 3556 1376 3636; x_wconf 85' lang='lat' dir='ltr'>libri</span> 
     </span>
     <span class='ocr_line' id='line_1_32' title="bbox 253 3655 1375 3745; baseline 0.004 -24"><span class='ocrx_word' id='word_1_234' title='bbox 253 3655 431 3728; x_wconf 87' lang='lat' dir='ltr'>aRumano</span> <span class='ocrx_word' id='word_1_235' title='bbox 446 3656 568 3724; x_wconf 88' lang='lat' dir='ltr'>Graeco</span> <span class='ocrx_word' id='word_1_236' title='bbox 586 3657 736 3742; x_wconf 90' lang='lat' dir='ltr'>dedicati,</span> <span class='ocrx_word' id='word_1_237' title='bbox 754 3658 863 3724; x_wconf 89' lang='lat' dir='ltr'>omnia</span> <span class='ocrx_word' id='word_1_238' title='bbox 881 3679 1145 3728; x_wconf 88' lang='lat' dir='ltr'>commemorasse</span> <span class='ocrx_word' id='word_1_239' title='bbox 1163 3658 1242 3726; x_wconf 89' lang='lat' dir='ltr'>mibi</span> <span class='ocrx_word' id='word_1_240' title='bbox 1254 3659 1375 3745; x_wconf 83' lang='lat' dir='ltr'>videor,</span> 
     </span>
    </p>
   </div>
   <div class='ocr_carea' id='block_1_6' title="bbox 202 3760 1376 3947">
    <p class='ocr_par' dir='ltr' id='par_1_8' title="bbox 202 3760 1376 3947">
     <span class='ocr_line' id='line_1_33' title="bbox 254 3760 1376 3852; baseline 0.003 -26"><span class='ocrx_word' id='word_1_241' title='bbox 254 3778 341 3843; x_wconf 85' lang='lat' dir='ltr'>quae</span> <span class='ocrx_word' id='word_1_242' title='bbox 371 3780 412 3826; x_wconf 86' lang='lat' dir='ltr'>ex</span> <span class='ocrx_word' id='word_1_243' title='bbox 445 3760 704 3828; x_wconf 89' lang='lat' dir='ltr'>innummerabili</span> <span class='ocrx_word' id='word_1_244' title='bbox 738 3761 806 3828; x_wconf 86' lang='lat' dir='ltr'>fere</span> <span class='ocrx_word' id='word_1_245' title='bbox 840 3783 974 3830; x_wconf 88' lang='lat' dir='ltr'>numero</span> <span class='ocrx_word' id='word_1_246' title='bbox 1012 3763 1232 3852; x_wconf 86' lang='lat' dir='ltr'>exemplorum</span> <span class='ocrx_word' id='word_1_247' title='bbox 1268 3761 1376 3831; x_wconf 84' lang='lat' dir='ltr'>excuti</span> 
     </span>
     <span class='ocr_line' id='line_1_34' title="bbox 202 3859 699 3947; baseline 0.004 -19"><span class='ocrx_word' id='word_1_248' title='bbox 202 3900 204 3906; x_wconf 95' lang='lat'>·</span> <span class='ocrx_word' id='word_1_249' title='bbox 252 3862 390 3947; x_wconf 84' lang='lat' dir='ltr'>possint.</span> <span class='ocrx_word' id='word_1_250' title='bbox 697 3859 699 3863; x_wconf 73' lang='grc'><strong>’</strong></span> 
     </span>
    </p>
   </div>
   <div class='ocr_carea' id='block_1_7' title="bbox 255 4035 1377 4280">
    <p class='ocr_par' dir='ltr' id='par_1_9' title="bbox 255 4035 1377 4280">
     <span class='ocr_line' id='line_1_35' title="bbox 344 4035 352 4065; baseline 0 0"><span class='ocrx_word' id='word_1_251' title='bbox 344 4035 352 4065; x_wconf 85' lang='lat' dir='ltr'>l</span> 
     </span>
     <span class='ocr_line' id='line_1_36' title="bbox 340 4035 1377 4195; baseline 0.003 -20"><span class='ocrx_word' id='word_1_252' title='bbox 340 4035 362 4192; x_wconf 55' lang='grc' dir='ltr'>’ζ</span> <span class='ocrx_word' id='word_1_253' title='bbox 380 4036 414 4178; x_wconf 53' lang='grc' dir='ltr'>ἓξ</span> <span class='ocrx_word' id='word_1_254' title='bbox 427 4037 560 4192; x_wconf 53' lang='grc' dir='ltr'><em>Ξρὲᾖὲἓ.</em></span> <span class='ocrx_word' id='word_1_255' title='bbox 570 4122 642 4192; x_wconf 79' lang='lat' dir='ltr'>Perg</span> <span class='ocrx_word' id='word_1_256' title='bbox 655 4141 681 4192; x_wconf 91' lang='lat' dir='ltr'>p.</span> <span class='ocrx_word' id='word_1_257' title='bbox 695 4125 737 4190; x_wconf 80' lang='lat'>46,</span> <span class='ocrx_word' id='word_1_258' title='bbox 754 4121 902 4176; x_wconf 86' lang='lat' dir='ltr'>Arrianum</span> <span class='ocrx_word' id='word_1_259' title='bbox 919 4140 945 4191; x_wconf 89' lang='lat' dir='ltr'>p.</span> <span class='ocrx_word' id='word_1_260' title='bbox 960 4125 1001 4195; x_wconf 84' lang='lat'>39,</span> <span class='ocrx_word' id='word_1_261' title='bbox 1018 4123 1225 4177; x_wconf 86' lang='lat' dir='ltr'>Artemidorum</span> <span class='ocrx_word' id='word_1_262' title='bbox 1238 4141 1266 4194; x_wconf 92' lang='lat' dir='ltr'>p.</span> <span class='ocrx_word' id='word_1_263' title='bbox 1278 4083 1324 4178; x_wconf 51' lang='lat' dir='ltr'>db,</span> <span class='ocrx_word' id='word_1_264' title='bbox 1334 4123 1377 4192; x_wconf 74' lang='lat' dir='ltr'>bi,</span> 
     </span>
     <span class='ocr_line' id='line_1_37' title="bbox 255 4207 1257 4280; baseline 0.004 -20"><span class='ocrx_word' id='word_1_265' title='bbox 255 4207 335 4261; x_wconf 88' lang='lat' dir='ltr'>Dion.</span> <span class='ocrx_word' id='word_1_266' title='bbox 353 4207 414 4263; x_wconf 90' lang='lat' dir='ltr'>Hal.</span> <span class='ocrx_word' id='word_1_267' title='bbox 432 4225 458 4278; x_wconf 87' lang='lat' dir='ltr'>p.</span> <span class='ocrx_word' id='word_1_268' title='bbox 477 4209 519 4264; x_wconf 81' lang='lat'>35.</span> <span class='ocrx_word' id='word_1_269' title='bbox 538 4209 579 4276; x_wconf 77' lang='lat'>39,</span> <span class='ocrx_word' id='word_1_270' title='bbox 596 4207 776 4262; x_wconf 85' lang='lat' dir='ltr'>Parthenium</span> <span class='ocrx_word' id='word_1_271' title='bbox 792 4225 819 4276; x_wconf 90' lang='lat' dir='ltr'>p.</span> <span class='ocrx_word' id='word_1_272' title='bbox 838 4210 879 4276; x_wconf 73' lang='lat'>24,</span> <span class='ocrx_word' id='word_1_273' title='bbox 896 4208 1093 4263; x_wconf 84' lang='lat' dir='ltr'>Philostratum</span> <span class='ocrx_word' id='word_1_274' title='bbox 1109 4227 1136 4280; x_wconf 88' lang='lat' dir='ltr'>p.</span> <span class='ocrx_word' id='word_1_275' title='bbox 1154 4211 1188 4264; x_wconf 79' lang='grc'>33</span> <span class='ocrx_word' id='word_1_276' title='bbox 1206 4213 1257 4264; x_wconf 87' lang='lat' dir='ltr'>eto.</span> 
     </span>
    </p>
   </div>
   <div class='ocr_carea' id='block_1_8' title="bbox 555 4431 946 4460">
    <p class='ocr_par' dir='ltr' id='par_1_10' title="bbox 555 4431 946 4460">
     <span class='ocr_line' id='line_1_38' title="bbox 555 4431 946 4460; baseline -0.015 -2"><span class='ocrx_word' id='word_1_277' title='bbox 555 4451 557 4454; x_wconf 82' lang='grc'>.</span> <span class='ocrx_word' id='word_1_278' title='bbox 684 4431 946 4460; x_wconf 39' lang='lat' dir='ltr'>*umba——</span> 
     </span>
    </p>
   </div>
   <div class='ocr_carea' id='block_1_9' title="bbox 0 0 1734 5150">
    <p class='ocr_par' dir='ltr' id='par_1_11' title="bbox 0 0 1734 5150">
     <span class='ocr_line' id='line_1_39' title="bbox 0 0 1734 5150; baseline 0 0"><span class='ocrx_word' id='word_1_279' title='bbox 0 0 1734 5150; x_wconf 95' lang='lat' dir='ltr'> </span> 
     </span>
    </p>
   </div>
  </div>
 </body>
</html>
