3392 5150
871 497 1026 594 ...2ss-

384 682 439 752 IV.
463 685 524 750 113
553 686 586 753 δέ
611 711 658 754 σοι
680 687 825 770 λέξαιμι),
857 679 959 754 addolor
981 681 1155 766 (Nicander
1175 682 1394 770 Alexipharm.
1415 702 1443 749 v.
1468 683 1512 768 5),

384 788 488 873 ἐξερέω
509 786 691 876 (Oppianus
712 788 785 856 Hal.
805 789 871 878 1,),
899 784 991 857 datio
1013 785 1243 874 (Pe-Oppiam
1268 786 1417 872 Cyneget
1440 785 1513 873 1,);

383 889 467 957 haec
499 891 598 958 verba
633 890 761 958 dicendi
795 890 1044 978 declarandique
1080 911 1153 958 cum
1193 889 1300 958 dativo
1340 889 1515 956 coniuncta

384 994 483 1060 stiam
505 993 594 1079 apud
617 996 790 1081 scriptores
811 996 979 1080 pedestres
1006 997 1125 1062 iterum
1147 1014 1186 1061 ao
1206 994 1335 1080 saepius
1355 993 1513 1078 legimur,

383 1117 488 1183 usque
515 1097 603 1183 apud
632 1118 687 1166 eos
716 1097 809 1166 deest
842 1097 923 1188 δῶρα
952 1102 1033 1188 φέρω
1066 1096 1299 1178 (Pe-Manetho
1328 1092 1510 1184 ἇποτιλεσμ.
1590 1173 1594 1182 ,

384 1200 446 1290 1,).
487 1199 593 1287 Magis
609 1200 771 1287 poeticum
787 1201 822 1268 in
843 1202 973 1269 modum
995 1200 1117 1268 cadunt
1144 1199 1301 1289 ἒμόχθιόν
1318 1227 1372 1281 σοι,
1390 1195 1512 1290 ἤσκησα

383 1309 528 1394 ἐργασίην
549 1305 593 1386 οἷς
610 1331 644 1374 σε
666 1303 834 1391 (Agathiae
865 1306 962 1372 Anth.
992 1305 1062 1373 Pal.
1091 1304 1137 1371 IV
1151 1352 1194 1394 1⁰,
1224 1311 1326 1389 sqq.)‚
1357 1303 1514 1388 Meleagri

384 1409 492 1489 (Aaou
513 1410 583 1478 Pal.
605 1408 660 1491 IV,
682 1417 714 1490 4)
736 1407 853 1478 ἐκπονῶ
873 1437 928 1478 σοι.

469 1546 572 1613 Multo
594 1546 696 1613 maior
718 1551 826 1614 autem
844 1550 896 1614 est
918 1551 956 1612 ut
972 1563 1125 1612 numerus
1144 1546 1338 1631 scriptorum
1354 1542 1512 1629 pedestri·

383 1669 447 1729 um,
471 1650 527 1734 qui
547 1649 647 1717 libros
669 1650 869 1736 scripserunt
890 1649 933 1717 ad
955 1648 1087 1732 amicos,
1109 1650 1158 1717 ita
1175 1649 1317 1718 varietas
1334 1647 1513 1748 verborum,

383 1752 500 1837 quibus
521 1753 682 1826 dedicatio
705 1756 913 1840 exprimatur.

469 1889 577 1958 Verba
596 1892 783 1977 saepissime
799 1891 893 1959 obvie
903 1881 994 1973 sunt,
1018 1911 1102 1977 quae
1118 1891 1281 1957 notionem
1299 1889 1424 1957 habent
1439 1891 1513 1956 mit·

383 1992 472 2059 tendi
500 1997 610 2080 πέμποι
619 1997 659 2082 ¹),
688 1993 901 2082 α’ποστέλλωῗ)
930 2023 985 2072 σοι,
1013 1995 1086 2083 πρός
1110 2021 1152 2076 σε,
1181 1997 1344 2064 ἐπιστέλλω
1373 1993 1513 2073 (Plutar-

383 2095 523 2184 chus)⁶)‚
555 2119 701 2186 quaeque
733 2119 797 2166 non
826 2098 942 2184 procul
972 2098 1091 2164 absunt
1122 2098 1163 2165 ab
1191 2099 1252 2166 hac
1277 2095 1512 2182 significatione

383 2203 591 2288 προσφέρω),
621 2203 879 2292 συμβάλλομαιῡ).
931 2201 1027 2269 Haud
1054 2201 1162 2268 minus
1191 2221 1287 2285 saepe
1315 2207 1513 2286 usurpantur

381 2303 481 2370 verba
507 2304 635 2373 dicendi
652 2312 686 2372 et
702 2306 864 2374 scribendi
892 2308 968 2394 λέγω
977 2306 1013 2391 ⁸),
1032 2310 1138 2393 γράφω
1148 2304 1184 2389 ⁷),
1202 2300 1367 2392 οἷναγράφω
1376 2304 1412 2391 ⁷).
1443 2303 1513 2371 Hoo

382 2406 452 2473 loco
469 2407 567 2475 etiam
581 2409 772 2476 collocanda
784 2414 860 2476 sunt
871 2409 980 2489 verba,
997 2408 1116 2494 quibus
1130 2407 1267 2474 maxime
1280 2408 1411 2493 proprie
1425 2406 1512 2492 apud

382 2509 556 2595 scriptores
566 2513 706 2580 Graecos
716 2512 919 2598 significatur
928 2513 1096 2594 dedicatio,
1106 2510 1513 2599 προσφωνέωῧσοινοίπρός

383 2637 425 2692 σι,
448 2621 580 2700 praeter
601 2616 689 2700 quod
711 2615 811 2682 semel
832 2616 995 2682 invenitur
1017 2615 1103 2699 apud
1121 2615 1293 2681 Eusebium
1315 2614 1510 2702 intpevc'ffl).

382 2717 433 2785 Ad
447 2721 699 2804 componendum
713 2724 746 2786 ct
757 2716 988 2786 elaborandum
1002 2739 1083 2802 opus
1097 2715 1511 2806 spectantuoutv10),dnep-

377 2823 581 2909 μίζεσῶαίῑῑ)
602 2853 676 2905 τινι,
698 2843 780 2907 quae
802 2821 984 2908 legentibus
1006 2820 1100 2888 uobis
1124 2821 1158 2887 in
1179 2825 1319 2888 mentem
1342 2823 1430 2888 veuit
1446 2843 1511 2888 me-

381 2926 487 2992 moria
503 2927 674 2994 verborum
691 2947 713 2992 a
729 2926 836 3010 poetis
858 2925 1075 2992 adhibitorum
1096 2921 1239 3006 ἐκπονεῖν,
1261 2936 1405 3013 μοχθεῖν,
1427 2947 1511 3010 quae

382 3049 481 3113 supra
502 3029 743 3115 adscripsimus.
788 3030 850 3111 Qui
872 3029 950 3097 libri
970 3029 1152 3097 instruendi
1172 3050 1273 3096 eausa
1291 3029 1407 3114 scripti
1425 3036 1509 3112 sunt,

468 3305 487 3374 ¹)
504 3305 690 3374 Apollodorus
721 3306 846 3361 Damaso.
877 3304 1071 3377 πολιορκητικά
1104 3305 1191 3374 praef.
1222 3303 1354 3359 Aelianus
1385 3305 1510 3360 Taoticus

381 3389 493 3462 τακτικὴ
506 3393 612 3460 θεωρία
624 3391 670 3461 (ad
678 3390 835 3462 Traianum)
846 3392 899 3461 pri.
910 3391 1048 3446 Lucienus
1062 3391 1194 3460 Nigrinus
1202 3391 1255 3460 pri.
1271 3389 1444 3464 Ἀλέξανδρος
1453 3409 1475 3447 c.
1487 3395 1509 3444 1.

314 3470 316 3474 ’
467 3478 487 3547 ²)
505 3477 657 3546 Hesychius
675 3477 798 3532 Loxicen
815 3478 866 3547 prf.
885 3477 986 3531 Philon
1003 3477 1066 3545 napi
1084 3480 1260 3548 βελοποιικῶν
1278 3497 1299 3533 o.
1320 3483 1343 3533 1.

467 3563 487 3632 ⁸)
505 3563 669 3618 Plutarchus
686 3563 749 3635 nael
765 3561 929 3634 εἱμαρμένης
947 3581 969 3618 o.
991 3568 1012 3617 1.

465 3649 486 3718 4)
504 3647 657 3717 Polyaenus
675 3667 839 3721 σοροιτηγημ.
857 3650 910 3718 prf.
929 3639 942 3702 Ῑ
959 3649 985 3704 Π
1002 3649 1042 3703 ΙΙΙ
1059 3652 1110 3706 eto.
1128 3653 1165 3714 (π.
1186 3647 1304 3720 ἐφόδια).

466 3735 487 3804 ⁶)
505 3734 604 3789 Pollux
621 3734 805 3805 ὀνομαστικόν
822 3737 835 3790 1
851 3735 904 3805 pri.

466 3823 487 3890 ⁸)
505 3820 696 3876 Artemidorus
714 3819 911 3894 dvetpoupcuuri
927 3821 953 3875 Π
970 3825 1010 3874 70.
1046 3821 1146 3876 Philon
1164 3821 1207 3891 (cf.
1226 3839 1289 3884 anm.
1307 3823 1333 3891 2)
1353 3839 1374 3876 ο.
1393 3823 1434 3875 62.

468 3909 487 3974 ⁷)
504 3907 584 3961 Dion.
610 3907 672 3962 Ηολ
696 3930 724 3964 π.
749 3915 798 3965 ccci
826 3910 945 3964 Θοοκοδ.
970 3927 1082 3976 popone.
1107 3907 1153 3961 fin.
1177 3907 1284 3976 Evaug.
1301 3907 1368 3962 Luc.
1386 3907 1399 3959 Ι
1416 3908 1440 3958 3.
1476 3949 1480 3957 .

381 3991 443 4047 Bito
462 3993 626 4048 κατασκευαὶ
643 3999 796 4064 πολεμικῶν
814 3993 941 4066 ὁργάνων
958 3993 1005 4048 fin.
1025 3993 1204 4048 Philostratus
1223 3995 1278 4065 βίοι
1296 3997 1433 4062 σοφιστῶν
1456 3990 1507 4058 prf.

466 4081 487 4150 8)
504 4079 695 4134 Artemidorus
714 4081 757 4150 (of.
772 4097 835 4134 ann.
849 4081 876 4150 6)
894 4079 933 4134 IV
945 4081 996 4149 pri
1011 4079 1101 4150 Vprf,
1137 4079 1299 4134 Plutarchus
1318 4082 1510 4146 συμποσιακῶν

380 4169 476 4237 spodi.
496 4165 522 4219 Π
538 4165 590 4234 prf.

466 4253 487 4322 ο)
506 4251 670 4323 nequeumt
687 4252 842 4322 εὖαγγελαιή
860 4254 873 4306 I
892 4257 914 4306 1.

469 4339 499 4409 ¹⁰)
516 4339 707 4392 Artemidorus
725 4339 763 4393 III
780 4340 832 4409 prf.
851 4339 889 4392 IV
906 4341 948 4394 84.

469 4425 498 4494 ¹⁸)
517 4423 737 4479 Ps.-Plutarehus
754 4422 983 4495 παραμοθηιιιιὸς
1001 4422 1070 4495 πρὸς
1085 4419 1261 4478 Ἀπολλῶνιον
1277 4420 1325 4474 fin.
