3392 5150
701 439 705 446 ‘
809 471 963 572 Δ...

321 660 365 730 ad
390 661 527 730 Brutum
555 659 623 743 „de
651 659 804 749 optimo
832 681 981 745 genere
1010 657 1196 727 dicendi“
1229 659 1281 748 (cf.
1312 659 1354 728 ad
1382 660 1449 729 Att.

320 766 405 845 XIV,
421 772 461 832 20
469 773 511 853 8);
525 765 606 832 item
619 766 733 848 Quinti
745 763 908 831 desiderio
921 763 1098 850 respondet
1109 763 1194 832 liber
1211 765 1257 831 de
1274 769 1449 834 oratore.

320 872 427 956 Atque
448 891 514 937 non
532 869 637 938 solum
654 868 863 954 quaestiones
881 867 1071 948 rhetoricas,
1094 867 1151 934 sed
1169 870 1269 935 etiam
1287 869 1330 935 ad
1347 868 1449 954 philo·

320 973 466 1058 sophiam
487 974 686 1061 pertinentes
708 975 852 1039 mactare
880 971 1038 1055 impulsus
1061 975 1127 1050 est,
1157 991 1185 1038 e.
1209 992 1239 1055 g.
1261 957 1393 1039 iubente
1414 971 1449 1040 C.

318 1075 473 1143 Trebatio
496 1075 678 1142 Aristotelis
701 1074 810 1160 topica
833 1075 867 1141 in
889 1074 1041 1141 Latinum
1062 1073 1162 1141 vertit
1183 1071 1234 1155 (cf.
1253 1074 1332 1164 Top.
1351 1096 1378 1142 c.
1398 1080 1448 1159 1.).

406 1197 594 1266 Cornificius
622 1199 692 1284 ipse
719 1217 779 1282 pro
808 1217 842 1262 se
870 1195 1024 1280 loquatur
1051 1195 1107 1283 Iu:
1139 1200 1196 1262 tac
1223 1217 1289 1278 noe,
1324 1198 1356 1266 0.
1387 1200 1450 1267 He-

318 1304 418 1383 renni,
447 1302 594 1370 voluutas
621 1303 789 1381 conmorit,
815 1305 853 1366 ut
874 1301 912 1366 de
933 1301 1056 1366 ratione
1077 1299 1202 1365 discedi
1227 1301 1449 1389 saturemus&

318 1405 349 1486 Ι,
374 1409 432 1471 27:
454 1411 528 1472 tuae
549 1405 728 1490 turpium
755 1404 917 1470 comati.
962 1403 1021 1469 His
1050 1402 1133 1469 artis
1162 1401 1342 1470 rhetoricae
1369 1404 1450 1474 locis

318 1509 459 1576 dilucide
479 1506 620 1575 officitur
641 1507 833 1592 scriptorem
854 1506 1016 1574 desiderio
1038 1505 1194 1572 Herennii
1216 1507 1358 1591 obsequi.

404 1627 509 1698 Varro
536 1648 665 1714 quoque
686 1647 746 1714 pro
772 1648 893 1713 magna
921 1649 980 1693 sua
1008 1627 1145 1698 seientia
1174 1626 1216 1694 ab
1245 1629 1357 1695 amicis
1385 1650 1449 1698 non

317 1754 395 1800 raro
423 1733 578 1800 adibatur
599 1730 762 1818 precibus.
806 1730 915 1818 Ipsius
937 1729 980 1798 ad
1000 1750 1136 1798 uxorem
1156 1731 1361 1798 Fundaniam
1381 1735 1448 1821 pri·

317 1859 401 1904 mum
437 1857 574 1905 rerum
609 1836 864 1904 rusticarum
899 1834 1020 1901 librum
1053 1841 1181 1919 propter
1216 1836 1284 1903 euos
1311 1838 1449 1920 faricium

317 1948 354 2022 (r.
377 1964 404 2009 r.
427 1940 473 2020 11,
496 1942 531 2025 6)
553 1938 641 2005 facit.
685 1937 838 2005 Eiusdem
859 1938 966 2026 operis
994 1938 1135 2005 secundo
1163 1937 1247 2006 libro
1273 1960 1347 2006 cum
1368 1942 1449 2008 allo·

318 2048 441 2130 quatur
473 2040 668 2109 Turranium
698 2040 837 2126 Nigrum
870 2046 909 2107 ut
941 2041 1119 2123 hominem,
1155 2041 1211 2128 qui
1244 2041 1451 2110 vehementer
1573 2095 1575 2102 ,

316 2147 493 2213 delectetur
510 2164 636 2232 pecore,
659 2145 728 2229 agit
750 2143 792 2210 de
809 2163 845 2210 re
866 2145 1031 2230 pecuaria,
1052 2143 1094 2210 de
1114 2163 1232 2231 pecore
1255 2153 1449 2230 quaestuose
1566 2233 1569 2240 ⁴

315 2249 450 2316 emendo
471 2246 639 2315 vendendo
661 2252 721 2314 etc
752 2248 918 2334 *Pompeio
937 2246 1099 2335 imprimis
1116 2246 1222 2315 Varro
1243 2250 1448 2318 utilissimum

315 2375 351 2419 se
377 2353 529 2437 praebuit
558 2351 715 2433 amicum,
745 2371 818 2417 eum
845 2351 1064 2438 compluriens
1086 2351 1117 2422 ci
1137 2358 1316 2441 praecepta
1337 2354 1446 2423 daret:

312 2458 422 2524 musal
475 2457 660 2541 &Musaue
711 2475 820 2521 reram
866 2455 1066 2521 urbanarum
1114 2476 1225 2538 cupere
1273 2457 1446 2545 Pompeius

315 2561 608 2642 Varronem‘adiit
635 2563 684 2627 ati
712 2561 970 2627 emanaturam
989 2561 1108 2643 fuceret
1135 2563 1444 2648 ‚‚ieuyoyicum“,
1538 2555 1545 2594 ⁷

313 2686 351 2732 eu
372 2686 432 2750 quc
453 2666 599 2746 Meae,
628 2665 705 2747 quid
727 2666 833 2748 fucere
854 2664 1015 2748 dicereque
1035 2663 1172 2746 dederet
1201 2687 1273 2732 eum
1299 2674 1445 2734 secatum

313 2769 485 2836 cmrulmt
519 2767 574 2855 (cf.
609 2768 691 2835 Gell.
726 2768 810 2846 XIV,
833 2774 862 2846 7,
886 2772 926 2848 2).
977 2767 1135 2849 Eundem,
1164 2790 1237 2834 eum
1264 2771 1298 2835 in
1326 2770 1444 2859 Hispa·

313 2874 403 2938 niam
431 2895 504 2940 cum
532 2874 675 2939 exercitu
702 2870 909 2956 profecturus
939 2876 1035 2953 esset,
1065 2869 1171 2942 denuo
1194 2872 1298 2942 Varro
1321 2875 1445 2941 adiuvit

314 2975 365 3057 (cf.
395 2977 467 3048 itin.
490 2977 541 3044 Al.
564 2976 676 3064 Magni
698 2997 724 3044 c.
749 2981 794 3058 6):
825 2976 928 3043 Varro
955 2975 1011 3043 Orc.
1036 2977 1186 3061 Pompeio
1208 2978 1282 3045 oiim
1302 2963 1360 3063 per
1381 2979 1442 3046 Hi·

311 3084 446 3166 aponius
479 3083 656 3148 militaturo
692 3082 808 3148 librum
844 3081 937 3147 idum
966 3080 1192 3165 Eplwmcidoc
1226 3083 1284 3149 sub
1319 3084 1444 3150 aoniae

312 3185 491 3266 subactu,
512 3185 723 3252 ociolaldus
744 3205 797 3251 res
814 3185 913 3251 auen
933 3191 1060 3270 gesturo
1080 3188 1162 3252 seire
1182 3192 1268 3253 esset

397 3304 490 3386 Quod
524 3307 707 3392 exemplum
741 3305 984 3372 Itinerarii
1021 3305 1267 3373 Alexandri
1297 3307 1443 3391 Magni

254 3395 256 3402 ⁴
311 3409 452 3496 scriptor
472 3409 621 3477 imitatur
642 3410 676 3476 in
699 3431 793 3475 usum
817 3408 1022 3476 Constantini
1042 3411 1259 3494 imperatoris.
1382 3431 1387 3448 ¹

397 3529 625 3612 Columellam,
648 3551 722 3596 cum
744 3530 915 3597 duodecim
936 3530 1037 3597 libros
1060 3531 1228 3597 scriberet·
1242 3531 1289 3599 de
1318 3533 1441 3604 rebus

310 3633 499 3713 rusticis,
535 3632 711 3720 praecipue
746 3632 789 3699 ad
824 3653 923 3698 unum
950 3633 987 3702 P.
1012 3633 1154 3712 ¹Silvium
1182 3635 1380 3702 edocendum
1407 3637 1441 3703 id

310 3739 414 3820 egisse
436 3735 638 3824 putabimus,
665 3740 812 3823 quamvis
834 3758 937 3822 neque
955 3758 1026 3804 eum
1047 3739 1145 3806 finem
1166 3739 1259 3806 illum
1277 3745 1440 3829 spectasse

310 3861 415 3926 neque
437 3846 589 3924 rogatum
612 3839 754 3907 scribere
777 3841 937 3925 exipsius
959 3841 1065 3908 verbis
1087 3841 1258 3909 discamus.

397 3961 529 4028 Partem
550 3961 706 4029 historiae
729 3963 810 4028 artis
833 3964 996 4030 oratoriae
1019 3966 1151 4053 exponit
1167 3965 1207 4032 ·L.
1225 3965 1326 4033 Fabio
1348 3964 1439 4030 Iusto

309 4063 441 4130 Tacitus
463 4065 497 4130 in
519 4064 687 4150 dialogo
710 4065 757 4132 de
779 4066 1032 4134 oratoribus.

394 4185 561 4253 Macrinus
583 4185 714 4272 quidam
736 4189 843 4254 onmia
863 4191 946 4255 scire
966 4187 1051 4270 uult,
1078 4188 1201 4256 homini
1222 4187 1272 4255 illi
1296 4187 1438 4255 ffisoenffi

310 4289 427 4375 cupido
449 4291 604 4358 auxilium
626 4291 690 4359 fert
710 4290 820 4361 libro
843 4293 1076 4362 memoriali
1097 4293 1271 4380 Ampelius.
1307 4365 1311 4372 ,

300 4473 304 4484 Ι
395 4393 747 4463 Distributicnem
775 4397 887 4465 assis
917 4397 1059 4486 explicat
1076 4397 1229 4466 Volusius
1251 4396 1438 4466 Maecianus
