3392 5150
800 537 953 638 jd..

312 712 493 807 exemplum
522 744 625 804 suum,
655 721 839 789 interdicat.
882 722 950 789 Neo
973 723 1097 790 Galeno
1125 720 1262 809 volenti,
1289 721 1323 789 id
1352 721 1437 806 q'uod

312 845 410 910 supra
432 833 473 909 (p.
499 827 553 912 50)
577 825 792 909 cognorimus,
815 825 891 893 libri
912 825 1193 912 diurlgabantur.-

400 927 558 995 Varronis
587 933 788 1017 Εἰσαγωγικός
823 930 864 995 ad
892 930 1080 1016 Pompeium
1108 931 1179 996 sine
1213 929 1310 997 dubio
1344 929 1440 995 unius

312 1031 446 1119 Pompei
480 1032 514 1098 in
549 1055 644 1099 usum
680 1033 881 1117 conscriptus
916 1051 1020 1118 neque
1051 1055 1205 1118 umquam
1239 1033 1346 1099 editus
1380 1035 1438 1112 est,

314 1152 420 1218 neque
442 1155 597 1218 umquam
620 1135 759 1220 scriptor
779 1134 815 1201 id
834 1137 869 1202 in
891 1135 998 1202 animo
1020 1135 1137 1204 babuit
1159 1135 1213 1223 (cf.
1236 1159 1267 1229 p,
1292 1137 1355 1222 12).

397 1237 527 1325 Scripta
549 1239 686 1324 denique
708 1238 971 1320 Christianorum,
1002 1261 1028 1306 e.
1052 1259 1081 1324 g.
1100 1238 1299 1320 Tertulliani,
1328 1238 1439 1326 primis

312 1344 400 1406 corte
421 1342 634 1429 temporibus,
657 1362 730 1408 cum
752 1342 865 1427 religio
887 1362 998 1408 eorum
1020 1342 1163 1410 nondum
1180 1346 1266 1409 esset
1282 1343 1382 1426 licite,
1404 1345 1441 1407 ut

310 1443 359 1509 ita
386 1443 506 1525 dicam,
533 1446 581 1511 ita
607 1450 645 1511 ut
666 1444 724 1512 alii
747 1444 825 1512 libri
853 1444 1016 1526 solebant,
1038 1445 1059 1511 i
1082 1465 1108 1513 e.
1133 1466 1192 1531 per
1217 1442 1439 1530 bibliopolam,

313 1545 401 1613 edita
422 1567 494 1613 esse
516 1547 597 1613 mihi
618 1549 814 1632 persuadere
836 1569 900 1614 non
923 1569 1063 1634 possum.
1099 1549 1132 1616 Is
1151 1548 1208 1633 qui
1226 1549 1269 1615 ab
1290 1548 1440 1633 episcopo

314 1649 455 1733 quodem
476 1651 711 1719 instituebatur
732 1641 773 1718 de
795 1650 869 1732 fide,
897 1656 934 1716 ut
957 1656 1080 1718 ceteros
1103 1649 1303 1720 Christianos
1326 1648 1441 1717 confir·
1502 1681 1507 1688 ·

311 1759 417 1819 maret
438 1752 660 1842 edoceretque‚
684 1756 865 1823 doctrinam
886 1753 972 1822 libro
995 1755 1142 1824 dedicato
1165 1755 1228 1822 sibi
1244 1753 1441 1840 impertitam

311 1859 549 1925 communicare
584 1859 696 1927 debuit
731 1879 804 1925 cum
838 1858 961 1926 civibus
991 1857 1127 1924 eandem
1159 1857 1257 1924 fidem
1286 1855 1442 1944 professis

312 1959 380 2026 sive
410 1981 467 2046 per
497 1961 693 2048 colloquium
723 1963 757 2030 id
788 1983 887 2048 agens
920 1963 986 2028 sive
1021 1961 1204 2047 exemplum
1241 1983 1335 2027 suum
1370 1960 1441 2027 aliis

312 2062 560 2131 describendum
589 2065 779 2150 permittens
811 2063 866 2150 (cf.
896 2064 996 2131 verba
1023 2053 1181 2134 Theodori
1203 2065 1274 2130 Birt
1300 2085 1332 2148 p.
1359 2067 1442 2144 109).

399 2166 620 2236 Dedicetionis
633 2174 745 2236 notam
758 2167 855 2234 titulo
872 2167 949 2234 libri
965 2170 1031 2234 iam
1044 2168 1143 2234 fuisse
1155 2167 1322 2248 insertam,
1339 2167 1388 2233 ita
1404 2171 1442 2231 ut

221 2347 226 2358 Ι
312 2290 428 2336 nomeu
451 2270 625 2340 adderetur
642 2271 850 2339 coniunctum
872 2292 944 2336 cum
965 2271 1205 2358 praepositione
1227 2272 1269 2336 ad
1290 2270 1341 2336 vel
1362 2270 1443 2355 apin

313 2374 445 2459 optimis
469 2374 667 2460 singulorum
688 2374 846 2442 librorum
868 2374 1033 2441 codicibus
1055 2375 1305 2442 demonstratur.
1332 2373 1443 2438 Hunc

311 2477 347 2542 in
374 2478 505 2544 modum
535 2498 562 2544 e.
585 2500 614 2564 g.
643 2478 817 2545 traduntur
845 2477 879 2542 hi
907 2477 996 2543 tituli
1021 2477 1200 2544 Ciceronis:
1232 2479 1308 2542 Coto
1332 2476 1443 2542 Maior

315 2580 354 2646 de
379 2586 534 2647 smenon
561 2583 605 2648 ad
634 2582 667 2648 Τ.
695 2581 903 2665 Pomponium
925 2582 1081 2661 Atncnnn,
1113 2581 1230 2663 Topica
1257 2579 1301 2645 ad
1329 2579 1442 2644 Trebo-

319 2685 412 2764 tinm3
438 2684 630 2766 Quintiliani
652 2685 694 2749 ad
723 2684 876 2750 Vitorium
901 2683 1093 2750 Mareeltnnn
1113 2684 1321 2750 insanionis
1342 2687 1443 2748 orote·

312 2788 382 2852 rice
403 2786 477 2853 libri
502 2787 584 2854 XII
600 2793 661 2853 etc.

398 2889 473 2955 Iulii
502 2889 596 2956 Pauli
628 2892 855 2957 sententiarum
888 2889 992 2956 libros
1022 2889 1051 2956 V
1080 2889 1116 2954 in
1150 2887 1210 2956 filii
1243 2910 1340 2955 usum
1372 2910 1442 2955 esse

317 2993 456 3076 scriptos
479 2993 686 3076 nesciremus,
714 2994 778 3060 nisi
798 2993 916 3060 titulus
939 3001 1085 3061 serratus
1108 3000 1195 3060 esset
1215 2992 1308 3059 libris
1329 3013 1442 3058 manu-

317 3096 447 3180 scriptis
463 3096 697 3164 Sententiarum
713 3098 757 3163 ad
771 3097 875 3180 filiam
893 3097 974 3163 inni.
985 3099 1009 3182 ¹)
1046 3097 1080 3161 Si
1098 3116 1163 3180 que
1180 3096 1245 3162 alia
1261 3100 1340 3161 note
1353 3094 1443 3161 dedi-

314 3199 451 3266 cationis
462 3199 539 3266 buic
549 3201 641 3284 operi
651 3199 811 3284 impresse
822 3199 893 3280 brit,
906 3199 1002 3284 culpa
1014 3199 1237 3283 epitomatoris
1246 3197 1368 3264 omissa
1382 3203 1440 3278 est,

313 3323 389 3368 nam
406 3302 501 3369 nobis
520 3303 661 3387 epitoma
677 3307 804 3368 tantum
823 3307 952 3369 servata
968 3307 1026 3368 est
1061 3301 1184 3386 Utique
1201 3303 1327 3385 saepius
1345 3321 1442 3384 quam

314 3406 438 3473 codices
467 3409 628 3473 testantur
656 3427 773 3473 nomen
802 3393 880 3487 eius,
911 3404 953 3472 ad
977 3425 1074 3490 quem
1095 3403 1179 3470 liber
1200 3405 1339 3488 scriptus
1362 3408 1441 3483 erat,

313 3509 409 3576 titulo
437 3511 596 3576 insertum
624 3509 726 3576 fuisse
753 3509 832 3574 mihi
853 3529 1045 3594 persuasum
1066 3513 1125 3575 est.
1170 3507 1241 3574 Alio
1264 3507 1359 3573 modo
1382 3527 1441 3592 ego

314 3613 463 3696 equidem
485 3613 646 3700 explicare
668 3635 731 3679 non
754 3633 885 3697 possum
907 3632 964 3677 cur
981 3632 1157 3695 numquam
1175 3611 1241 3676 fere
1258 3611 1440 3693 scriptores,

314 3716 342 3781 si
364 3721 619 3782 commemorent
639 3716 797 3784 librorum
819 3716 1013 3781 donatorum
1034 3714 1157 3794 titulos,
1180 3713 1333 3781 omittant
1352 3711 1441 3778 dedi-

314 3819 451 3885 cationis
474 3818 751 3904 significationem.
797 3817 888 3897 Quod
911 3820 938 3883 si
960 3817 1144 3901 accipimus,
1165 3815 1295 3884 facilius
1315 3814 1441 3881 intelle-

314 3922 420 4007 gimus
448 3943 506 3989 cur
527 3920 639 3989 crebro
660 3923 753 3989 initio
774 3921 931 3988 librorum
953 3941 1068 3986 nomen
1090 3920 1171 4000 eius,
1201 3921 1252 3988 cui
1274 3917 1441 3984 dedicatus

315 4030 373 4107 est,
391 4027 423 4092 in
441 4028 587 4095 vocativo
603 4027 733 4111 legatur
751 4025 839 4091 nullo
852 4025 960 4104 verbo,
978 4044 1043 4109 quo
1056 4021 1217 4090 dedicatio
1232 4021 1441 4105 exprimatur,

315 4132 472 4218 apposito.
982 4149 984 4156 ·

727 4286 1032 4298 ..—-....——--

317 4413 521 4424 ...--—----

404 4462 423 4531 ¹)
442 4459 475 4516 ci.
494 4459 607 4518 t'tulum
625 4455 778 4512 monobibli
795 4454 969 4526 Propertiaui
986 4469 1069 4524 supra
1086 4452 1122 4521 (p.
1136 4452 1179 4522 44)
1197 4450 1372 4520 exscriptum.
1420 4475 1423 4481 s
