3392 5150
846 434 1000 540 *nq-

359 628 479 696 iustnm
500 625 605 696 locum
621 633 722 712 tanet,
743 629 776 696 in
794 632 904 696 cestra
920 628 1063 696 hostium
1080 643 1282 716 paganorum
1299 630 1363 698 iter
1380 624 1487 700 iecere

359 739 507 819 atquem
523 733 663 800 mamma
681 733 839 818 divulgari
857 732 963 800 debet.
1003 732 1174 816 Libellum,
1193 732 1301 820 quiid
1319 734 1487 802 consilium

359 842 501 923 spectat,
535 839 592 904 uni
621 837 742 903 homini
772 854 844 904 esse
874 835 1058 903 dedicatum
1087 836 1167 904 mihi
1195 838 1393 924 persuadere
1422 859 1488 905 non

358 961 507 1026 possum,
538 961 733 1025 quamquam
754 941 856 1026 primo
879 938 995 1007 obtutu
1016 939 1052 1006 id
1073 938 1198 1014 factum
1224 961 1294 1008 esse
1322 940 1486 1008 nonnullis

358 1045 512 1130 exemplis
536 1044 755 1112 demonstrari
776 1044 912 1111 videtur.
1489 1037 1490 1040 ’

311 1183 314 1190 ·
444 1148 600 1216 Servatae
617 1150 701 1216 enim
719 1152 795 1214 sunt
807 1146 901 1215 nobis
915 1146 1084 1232 apologiae
1105 1148 1187 1214 duae
1200 1147 1318 1215 Iustini
1334 1147 1490 1234 Martyris

360 1273 426 1318 una
440 1251 644 1332 Tertulliani,
659 1272 739 1334 quas
754 1251 966 1326 dedicationis
981 1251 1120 1336 speciem
1132 1274 1212 1336 prae
1227 1273 1261 1318 ss
1274 1251 1360 1318 ferre
1372 1259 1489 1338 putare

358 1355 527 1441 possimus.
558 1354 657 1421 Tituli
675 1360 766 1421 sunt:
788 1354 905 1422 Iustini
923 1351 1068 1443 oinoloyc'o
1087 1354 1191 1444 πρώτη
1208 1361 1283 1444 ὑπὲρ
1297 1355 1490 1442 Χριστιανῶν

360 1456 431 1546 apic
447 1456 622 1527 Ἀντωνῖναν
635 1454 687 1526 riv
701 1454 824 1545 Εὖσεβῆ
836 1463 869 1523 et
882 1461 932 1526 cin.
946 1462 1021 1542 ὑπὲρ
1036 1467 1097 1545 Χρ.
1109 1454 1183 1544 apog
1195 1455 1250 1547 τήν
1263 1458 1324 1534 ,τῶν
1334 1454 1490 1545 Ῥωμαίων

360 1567 536 1652 σύγκλητοα,
555 1561 744 1628 Tertulliani
762 1560 1076 1646 Apologeticum
1095 1561 1143 1627 ad
1161 1563 1323 1630 Romani
1339 1562 1490 1647 imperii

360 1667 594 1734 antistites.
640 1664 760 1731 Credet
789 1664 951 1750 quispiam
980 1665 1161 1750 apologiam
1190 1666 1233 1731 ad
1260 1666 1490 1751 imperatorem

360 1770 558 1838 Antoninum
567 1789 636 1836 esse
645 1767 829 1837 habandam
837 1789 897 1852 pro
907 1768 1056 1836 dedicata
1064 1769 1238 1849 Antonino,
1252 1768 1490 1836 cum-librorum

360 1873 583 1941 dedicatorum
605 1872 762 1940 eiusmodi
784 1871 872 1938 tituli
894 1870 1054 1957 legantur,
1076 1893 1103 1938 e.
1125 1894 1154 1958 g.
1179 1871 1258 1940 Gall
1291 1873 1360 1954 XV,
1384 1879 1425 1961 7,
1452 1873 1491 1938 de

361 1978 473 2063 linquo
495 1977 598 2043 ῑααίαα
619 1977 663 2042 od
689 1976 873 2055 Ciceronem,
898 1976 1014 2044 Athen.
1049 1975 1095 2040 IV
1112 1997 1143 2060 p.
1164 1977 1270 2043 144E
1295 1977 1489 2065 Θεόφραστος

360 2082 385 2150 δ’
408 2086 440 2149 ἒν
462 2079 505 2174 τῷ
525 2075 818 2168 πρὸςιΚασσανδρον
839 2087 906 2166 περὶ
926 2084 1088 2166 βασιλείας.

447 2184 509 2251 Sed
531 2191 662 2270 praeter
683 2203 730 2264 ea,
752 2203 836 2268 quae
859 2203 960 2267 supra
980 2183 1015 2250 in
1037 2183 1219 2250 universnm
1247 2181 1388 2249 disserui
1410 2201 1491 2266 quos

362 2288 564 2356 ad.lectores
586 2286 757 2374 apologiae
774 2287 917 2353 enectae
935 2306 1005 2352 esse
1023 2286 1174 2365 debeant,
1198 2286 1333 2353 duarum
1351 2285 1491 2354 aliarum
1593 2329 1596 2338 ,

360 2393 581 2476 apologiarum
612 2391 700 2456 tituli
728 2390 811 2456 huic.
835 2391 1013 2456 sententiae
1044 2388 1191 2471 obstant,
1226 2411 1308 2474 quas
1345 2391 1493 2472 ,senatui

360 2497 535 2576 Romanol,
561 2493 785 2578 ,antistitibus
802 2493 914 2580 populi
931 2493 1085 2559 Romani“
1109 2493 1194 2561 dono
1213 2495 1310 2560 datas
1332 2493 1491 2560 neminem

359 2611 441 2681 esse,
464 2600 520 2685 qui
537 2603 639 2684 putet,
663 2595 816 2664 arbitror.
850 2596 935 2676 Quid
953 2616 1028 2662 vero
1046 2601 1096 2662 est
1115 2595 1273 2680 apologia,
1295 2601 1333 2661 ut
1350 2595 1492 2662 animum

359 2702 565 2770 intendamus
588 2702 631 2768 ad
651 2702 755 2785 ipsius
777 2701 957 2780 notionem,
986 2698 1049 2766 nisi
1078 2702 1198 2780 oratio,
1228 2720 1293 2782 qua
1316 2699 1432 2784 aliquis
1455 2719 1491 2765 se

359 2805 506 2874 defendit
526 2805 613 2891 apud
635 2803 782 2871 indices?
818 2803 1010 2882 Christianis
1034 2825 1105 2870 cum
1127 2803 1253 2870 occasio
1274 2822 1340 2869 non
1357 2801 1491 2868 daretur

359 2911 439 2996 ipsis
462 2916 576 2976 contra
598 2913 805 2976 accusatores
827 2929 896 2974 rem
918 2927 1029 2993 agere,
1052 2906 1131 2993 quid
1153 2907 1335 2974 laciendum
1358 2910 1441 2988 erat,
1464 2905 1491 2970 si

351 3013 508 3088 ,refellere
529 3011 681 3080 volebant
709 3033 764 3093 ea,
795 3031 878 3096 quae
905 3011 988 3079 falso
1018 3013 1051 3077 in
1081 3032 1116 3077 se
1144 3010 1395 3077 incusarentur?
1425 3009 1488 3074 Per

360 3117 487 3185 litteras
509 3137 609 3184 causa
631 3115 767 3182 dicenda
784 3113 872 3201 apud
889 3119 1038 3180 senatum
1055 3115 1242 3197 Romanum,
1260 3112 1348 3198 apud
1364 3111 1492 3198 imperii

362 3221 535 3288 antistites.
586 3221 698 3303 Neque
727 3217 792 3284 alio
820 3217 916 3284 modo
946 3218 1102 3302 explicari
1130 3221 1240 3302 potest
1270 3215 1426 3283 allocutio
1456 3216 1491 3280 in

361 3325 459 3391 titulo
481 3323 599 3390 Iustini
626 3324 667 3389 ad
689 3323 920 3406 imperatorem
942 3323 1140 3388 Antoninum
1161 3321 1255 3386 Pium
1276 3318 1375 3406 facta,
1397 3329 1491 3406 pras*

361 3429 473 3495 sertim
495 3448 568 3493 cum
588 3426 700 3508 lingua
721 3426 834 3493 eadem
856 3426 920 3492 duo
938 3424 1039 3492 verba
1060 3420 1207 3512 dboloyla
1228 3427 1301 3511 πρός
1322 3423 1405 3490 alias
1427 3422 1493 3490 alia

363 3529 597 3616 significatione
620 3531 771 3613 usurpari
792 3531 846 3595 vix
868 3528 1022 3596 credibile
1044 3530 1096 3594 sit.
1140 3527 1298 3595 Defensor
1325 3525 1491 3612 religionis

364 3635 569 3703 Christianae
600 3633 778 3718 alloquitur
807 3635 1045 3724 imperatorem,
1076 3637 1114 3697 ut
1153 3653 1311 3698 summum
1344 3631 1491 3710 indicem,

362 3739 727 3824 paganorum'primnm.
749 3737 857 3821 Atque
871 3735 1138 3803 verisimillimum
1155 3735 1288 3802 esthuio
1300 3755 1322 3801 a
1334 3735 1492 3818 scriptore

364 3842 543 3926 exemplum
565 3840 669 3907 libelli
691 3859 760 3906 csse
782 3841 922 3910 missum.

448 3947 493 4012 At
510 3947 726 4028 Augustinum
748 3966 845 4030 supra
862 3945 999 4011 vidimus
1021 3943 1125 4010 libros
1148 3943 1337 4008 bellatorios
1357 3941 1492 4021 inserip-

365 4034 445 4118 sisse
475 4049 595 4115 amicis.
648 4046 711 4113 Sed
739 4052 807 4114 tum
835 4048 993 4133 proelium
1023 4046 1285 4112 committebatur
1313 4064 1385 4109 cum
1412 4041 1491 4109 bae·

364 4154 489 4235 reticie,
518 4151 573 4235 qui
600 4145 804 4235 inrepserunt
831 4152 865 4216 in
893 4152 1000 4236 ipsum
1029 4150 1284 4218 Christianorum
1312 4166 1491 4226 numerum,

365 4263 464 4343 atque
492 4258 604 4323 eodem
627 4255 725 4321 modo
750 4253 821 4336 ille,
850 4276 913 4340 quo
933 4254 1102 4340 Origenes,
1129 4253 1212 4319 libro
1238 4251 1387 4318 dedicato
1409 4271 1492 4331 eum,

366 4363 422 4454 qui
444 4360 576 4448 accipit,
604 4363 717 4448 aptum
738 4358 873 4426 reddare
894 4359 978 4442 vult,
1009 4361 1064 4446 qui
1087 4357 1244 4426 auxilinm
1266 4355 1329 4422 sibi
1349 4353 1438 4430 serat
1458 4355 1493 4423 in
