3392 5150
733 426 886 527 A
979 389 983 398 .

246 614 360 682 modus
383 614 559 701 expleatur,
582 615 668 705 quod
691 617 718 682 si
735 614 782 698 fit,
806 617 874 684 sine
891 615 991 684 dubio
1007 615 1047 684 de
1065 616 1268 686 dedicatione
1286 617 1372 704 cogi·

246 718 379 786 tandum
398 727 457 802 est,
475 721 525 787 sin
543 727 650 788 autem
666 721 845 805 complures
863 721 1025 807 epistulae
1040 724 1192 808 leguntur
1208 726 1242 790 in
1260 723 1373 790 eodem

245 822 331 889 libro
353 823 516 906 collectae,
541 824 739 890 accuratiore
759 824 968 910 inquisitione
990 846 1070 910 opus
1092 831 1150 893 est.
1194 827 1285 894 Libri
1305 847 1373 895 mo·

246 926 323 993 dum
343 928 463 994 habent
480 928 625 1014 Dionysii
643 928 716 994 Hal·
752 924 898 1016 ἐπιστολή
919 925 990 1016 noir
1006 925 1158 1016 Ἀμμαῖον
1180 936 1213 996 et
1231 925 1374 1019 ἐπιστολή

245 1029 318 1120 πρδς
344 1036 525 1124 Πομπήϊον,
554 1035 683 1099 Arriani
712 1029 852 1120 ἐπιστολή
880 1037 951 1120 πρὸς
976 1029 1128 1120 Τραὶὶκνόν
1147 1030 1302 1120 Ἀδριανόν
1326 1035 1373 1118 (in

245 1139 282 1207 G.
302 1138 339 1205 G.
358 1137 400 1203 M.
419 1138 485 1226 l„0
514 1137 694 1224 expressa),
721 1137 893 1224 Porphyrii
920 1133 993 1223 πρὸς
1014 1141 1202 1224 Μάρκελλαν
1223 1137 1372 1223 epistula.
1456 1165 1458 1168 ·
1582 1211 1587 1222 ,

331 1241 530 1326 Scriptorum
570 1243 785 1308 Romanorum
823 1241 886 1308 huc
924 1243 1065 1326 pertinet
1096 1242 1239 1322 -Fronto,
1281 1241 1373 1308 cuius

244 1346 401 1431 epistulae
437 1345 561 1412 habent
597 1345 838 1429 inscriptionem
875 1348 1037 1413 Antoniae
1065 1345 1209 1430 Aawato
1243 1344 1373 1412 Fronto.

243 1449 461 1529 Quintilianus
495 1470 556 1515 nos
592 1448 748 1515 certiores
781 1449 863 1515 iacit
890 1449 931 1514 de
963 1449 1105 1534 epistula
1133 1447 1228 1528 Livii,
1264 1468 1373 1514 rerum

243 1558 409 1636 gestarum
430 1553 608 1637 scriptoris,
632 1551 674 1618 ad
696 1551 797 1618 filium
819 1552 859 1619 de
881 1551 1058 1620 erudiendo
1080 1558 1211 1619 oratore
1233 1553 1372 1637 scripta;

243 1658 280 1724 of.
298 1657 329 1722 X
350 1664 420 1745 1„:
443 1657 530 1741 opaci
553 1657 680 1722 Dimum
701 1658 736 1720 ia
757 1657 893 1739 epistula
910 1657 1071 1740 addition
1088 1660 1216 1741 compta.
1252 1657 1372 1722 Fronto

242 1761 304 1844 (ed.
318 1760 428 1827 Naber
445 1761 517 1846 126)
531 1764 758 1826 commemorat
772 1761 855 1827 lotoe
873 1761 995 1826 litteras
1017 1760 1123 1826 Catuli
1137 1799 1175 1810 -
1184 1760 1228 1839 Q.
1247 1758 1374 1826 Lutatii

242 1864 351 1932 Catuli
370 1903 423 1945 -,
445 1885 525 1949 quas
548 1863 588 1931 H.
610 1862 728 1929 lordan
751 1864 898 1951 (Hermes
916 1863 1012 1952 v1„)
1033 1863 1162 1929 easdem
1184 1869 1281 1948 putat
1299 1885 1373 1930 esse

190 2009 192 2013 -
242 1989 281 2034 ao
309 1967 430 2034 librum
460 1989 480 2033 a
510 1965 663 2032 Cicerone
692 1967 782 2032 Brut.
813 1973 853 2033 53
868 2015 909 2055 1„
939 1967 1121 2054 laudatum:
1158 1989 1196 2034 cca
1224 1989 1258 2034 co
1285 1969 1372 2049 labro,

241 2095 331 2156 quem
358 2073 397 2138 dc
425 2072 591 2138 conculcta
619 2091 677 2137 suo
697 2073 785 2138 misit
805 2071 849 2136 ad
870 2073 912 2136 A.
938 2071 1075 2136 Furium
1099 2078 1237 2154 poetam,
1259 2072 1372 2156 itaque

241 2175 387 2261 appellat
403 2197 459 2241 eas
486 2178 572 2256 ,aas
587 2175 752 2258 potitische
770 2173 952 2241 Brosctctrc
971 2177 1006 2240 in
1029 2174 1234 2259 Bricffcrmt
1282 2175 1372 2254 Quae

240 2279 425 2347 coniectura
446 2300 520 2344 num
540 2284 632 2344 recta
656 2281 700 2345 sit
720 2281 774 2344 rix
796 2277 969 2343 diiudicari
990 2283 1114 2361 potest,
1141 2298 1246 2363 neque
1267 2275 1370 2346 babeo

240 2384 357 2468 quibus
379 2383 486 2448 causis
508 2403 577 2449 eam
598 2381 737 2449 refutem
763 2403 867 2466 neque
897 2380 1109 2465 quibusoam
1130 2380 1264 2448 firmem
1308 2383 1370 2448 Ne-

240 2507 303 2570 que
330 2491 439 2552 tamen
467 2485 552 2551 hano
579 2507 646 2552 rem
674 2485 803 2552 silentio
825 2486 1004 2569 praeterire
1025 2485 1105 2550 mihi
1126 2485 1224 2551 licere
1247 2487 1372 2570 opinor.

325 2589 387 2656 Hic
416 2610 543 2676 quoque
573 2587 852 2656 commemoranda
880 2595 929 2655 est
952 2610 1019 2654 ars
1041 2589 1208 2674 poetica
1233 2591 1369 2671 Horatii,

194 2739 197 2747 ,
239 2714 312 2760 cum
341 2694 385 2759 sit
413 2692 551 2777 epistula
580 2694 727 2760 oratione
754 2694 883 2778 poetica
905 2692 949 2759 ad
970 2693 1103 2759 Pisones
1125 2693 1249 2779 scripta
1271 2700 1370 2779 atque
1454 2697 1457 2702 '

239 2797 372 2882 impleat
392 2796 510 2862 librum
533 2795 726 2885 (decimum).

325 2901 431 2966 Aliter
462 2904 570 2966 autem
602 2902 810 2968 iudicandum
840 2904 907 2980 est,
943 2901 970 2966 si
999 2902 1181 2986 complures
1212 2902 1370 2986 epistulae

241 3005 429 3072 coniunctae
464 3006 610 3072 volumen
644 3006 783 3088 explent.
825 3005 1073 3096 'Commercium
1105 3004 1301 3084 litterarum,
1333 3014 1370 3071 ut

239 3109 401 3177 invenitur
423 3108 510 3194 apud
532 3109 670 3174 Plinium
691 3109 724 3172 in
742 3108 773 3172 X
794 3107 878 3173 libro
897 3112 931 3173 et
953 3106 1040 3192 apud
1056 3107 1260 3190 Frontonem,
1281 3108 1369 3175 nullo

239 3214 334 3279 modo
351 3235 410 3297 pro
428 3212 630 3278 dedicatione
647 3210 761 3277 haberi
778 3233 873 3297 posse
887 3217 1033 3298 apparet.
1064 3210 1120 3277 Sin
1134 3216 1241 3276 autem
1260 3233 1369 3279 omnes

227 3317 333 3404 ,nnius
363 3314 439 3382 libri
469 3318 628 3400 epistulae
658 3315 774 3381 missae
806 3320 880 3381 sunt
908 3313 950 3380 ad
979 3335 1078 3380 unum
1106 3319 1204 3399 atque
1232 3315 1369 3382 eundem

239 3419 305 3485 sive
343 3440 454 3485 omnes
489 3419 610 3487 habent
641 3419 778 3486 eandem
805 3420 1061 3504 inscriptionem,
1097 3418 1137 3483 de
1165 3417 1368 3486 dedicatione

239 3525 382 3608 cogitare
399 3522 484 3589 licet.
529 3523 668 3590 Senecae
690 3546 715 3589 e.
735 3545 764 3608 g.
781 3523 897 3607 viginti
914 3522 1070 3589 librorum
1092 3523 1368 3606 epistularum

238 3628 451 3693 moralium
472 3647 666 3712 unoquoque
689 3627 866 3712 complures
885 3624 1042 3711 epistulae
1061 3626 1265 3693 continentur
1282 3627 1368 3695 huno

238 3730 273 3796 in
286 3729 419 3797 'modum
435 3731 627 3814 inscriptae:
653 3731 771 3798 Seneca
790 3731 914 3798 Lucilio
931 3751 989 3797 suo
1005 3731 1063 3796 ecl.
1085 3731 1143 3812 ita,
1158 3736 1203 3796 ut
1220 3730 1366 3816 singulae

238 3833 396 3919 epistulae
419 3835 513 3919 quasi
534 3834 599 3900 sint
621 3834 730 3917 capita
750 3833 837 3900 libri.
1396 3911 1402 3924 ἱ

325 3937 383 4004 Sin
408 3942 517 4002 autem
538 3931 632 4002 unius
653 3936 729 4003 libri
751 3936 908 4021 epistulae
930 3936 1066 4030 diversis
1087 3936 1271 4005 hominibus
1293 3945 1367 4005 sunt

237 4041 345 4121 datae,
374 4041 408 4105 in
431 4027 704 4118 universum'dioi
725 4045 834 4124 potest
856 4039 896 4107 de
918 4040 1120 4107 dedicatione
1142 4041 1279 4125 cogitari
1299 4063 1365 4108 non

236 4166 340 4230 posse.
385 4144 480 4210 Plinii
501 4148 610 4209 tamen
630 4143 769 4210 Secundi
789 4164 902 4210 novem
918 4145 995 4211 libri
1013 4143 1232 4229 epistularum,
1255 4166 1365 4229 quam·

238 4269 333 4334 quam
355 4246 575 4334 unusquisque
597 4252 727 4314 constat
755 4247 901 4332 epistulis
929 4249 1022 4315 modo
1044 4248 1244 4316 brevioribus
1269 4251 1364 4318 modo

238 4353 444 4439 amplioribus
465 4352 608 4435 diversos
631 4353 673 4422 ad
696 4352 815 4420 amicos
836 4352 953 4436 missis,
977 4358 1054 4422 sunt
1070 4351 1210 4420 dedicati
1227 4351 1363 4441 Septitio
