3392 5150
714 524 884 622 21-

248 730 481 798 dedicationem
509 750 580 797 esse
607 728 785 816 perfectam
816 727 913 794 etiam
936 727 1005 795 sine
1027 723 1176 794 editione
1189 726 1368 795 credidisse

246 833 325 899 mihi
338 853 526 918 persuasum
541 838 601 915 est,
613 854 689 899 nam
701 832 747 898 sio
756 833 841 898 inter
854 833 987 899 sorbere
996 832 1039 898 ad
1052 837 1084 899 et
1097 832 1186 898 edere
1201 830 1367 898 distinxit:

255 938 408 1005 Varronis
430 938 473 1004 ad
495 937 662 1004 Gaesarem
677 937 856 1021 pontificma
878 937 1027 1020 scripta
1048 941 1165 1020 atque
1185 936 1296 1002 edita
1317 936 1368 1017 (de

128 1127 130 1132 ,
248 1039 523 1129 mwfflffl

323 1235 434 1297 Utrum
455 1234 590 1313 scriptor
610 1253 651 1296 an
672 1233 845 1313 bibliopola
866 1235 1036 1312 exemplum
1058 1231 1196 1295 dedicati
1216 1231 1294 1294 libri
1396 1216 1400 1224 ’

247 1337 289 1399 ad
310 1355 379 1400 enm
400 1338 530 1412 miserit,
552 1338 606 1416 qni
623 1341 805 1416 accepturos
823 1341 900 1415 orat,
913 1338 983 1416 quis
1001 1336 1117 1399 librum
1135 1335 1368 1398 describendum

366 1457 370 1466 ’
725 1441 893 1503 curaverit.
1204 1445 1207 1452 '

330 1575 378 1640 Ex
411 1573 531 1640 litteris
560 1573 603 1640 ad
630 1574 773 1640 Atticum
801 1572 1009 1659 bibliopolam
1038 1573 1155 1639 scimus
1185 1569 1371 1638 Ciceronem

245 1677 424 1763 exemplum
452 1677 528 1744 libri
551 1677 692 1743 dedicati
714 1698 771 1761 per
792 1677 895 1763 ipsius
916 1676 1068 1742 librarios
1091 1676 1288 1760 descriptum
1315 1674 1369 1758 (cf.

245 1780 395 1865 Haennyi
424 1779 502 1845 diss.
535 1803 565 1864 p.
601 1783 674 1864 118)
711 1782 816 1864 ipsum
853 1777 895 1844 ad
930 1779 1048 1844 amicos
1083 1777 1224 1860 misisse;
1259 1777 1299 1844 cf.
1329 1778 1370 1846 ad

245 1883 313 1948 Att.
337 1883 430 1962 XIII,
455 1888 494 1948 23
501 1930 514 1968 2
538 1903 614 1966 quos
637 1883 743 1949 Bruto
763 1884 917 1948 mittimus
940 1931 946 1944 .
970 1931 978 1950 .
1002 1932 1008 1947 .
1031 1884 1068 1947 im
1088 1882 1235 1948 mamoim
1255 1882 1369 1949 babeat

246 1986 380 2066 librarii,
409 1985 452 2050 ad
474 1987 542 2050 Att.
564 1984 651 2066 XIII,
681 1990 744 2072 214
773 1986 911 2052 Varroni
938 1986 1063 2070 quidem
1090 2007 1170 2068 qaae
1198 1987 1314 2068 scribsi
1341 1991 1370 2051 te

247 2093 381 2169 auctora
408 2091 457 2155 ita
478 2110 615 2172 propero
635 2091 765 2172 mittere,
794 2095 830 2156 at
849 2092 916 2156 iam
938 2090 1074 2156 Romam
1094 2090 1234 2154 miserim
1256 2089 1370 2155 desmi-

247 2190 348 2257 bemda
370 2240 376 2254 .
397 2242 430 2258 ..
453 2195 570 2278 sampsi
591 2193 634 2258 ad
655 2193 811 2274 librarios,
832 2198 869 2258 mi
887 2195 976 2276 piaret
995 2195 1068 2275 tuis,
1089 2194 1120 2258 si
1138 2198 1173 2258 tm
1192 2192 1295 2287 aalma,
1318 2193 1370 2258 de-

246 2294 404 2361 scribendi
418 2300 560 2385 potestas
577 2345 584 2361 .
604 2344 611 2358 .
630 2346 637 2361 .
656 2317 693 2362 aa
715 2317 786 2362 cero
807 2302 842 2363 tm
864 2295 1039 2362 continebis.
1087 2293 1248 2362 Ciceronis
1270 2295 1371 2379 igitur

245 2395 370 2462 librarii
392 2398 511 2463 Romae
533 2398 797 2464 Academicorum
825 2399 1073 2483 descriptionem
1102 2419 1213 2465 curare
1243 2396 1370 2480 debent,

245 2500 346 2566 Attici
374 2500 518 2566 librariis
545 2500 732 2568 facultatem
756 2500 835 2567 dare
857 2500 1068 2578 describendi,
1097 2503 1125 2567 ei
1146 2500 1202 2567 ille
1223 2489 1368 2567 soluerit.

246 2602 356 2669 Cicero
386 2608 496 2670 tamen
527 2608 620 2670 caute
652 2605 794 2671 Atticum
823 2604 990 2685 hortatur,
1025 2626 1066 2670 ne
1094 2604 1171 2669 edat
1201 2625 1282 2687 opus
1317 2610 1370 2690 (eu

244 2729 315 2774 varo
331 2714 365 2773 tu
382 2710 574 2790 cmtimebis),
592 2729 695 2791 neque
707 2707 742 2773 id
755 2709 889 2790 iniuria3
908 2707 1072 2774 acciderat
1085 2708 1178 2789 enim
1190 2715 1227 2772 ut
1241 2707 1369 2773 Atticus

244 2811 424 2898 exemplum
452 2833 545 2878 suum
572 2811 648 2878 libri
678 2811 814 2879 alIcuius
844 2810 1045 2879 ciceroniani
1065 2811 1168 2878 Bruto
1199 2810 1370 2905 dedicandi

244 2913 346 2981 Balbo
359 2914 604 2981 describendum
616 2920 713 2982 antea
726 2916 947 2997 committeret,
966 2937 1061 3002 quum
1073 2915 1157 2982 liber
1169 2915 1202 2980 in
1219 2914 1369 2981 manibus

243 3019 338 3085 Bruti
360 3024 445 3096 erat,
468 3020 552 3085 unde
575 3018 739 3098 Ciceronis
760 3019 1011 3104 indignationem
1032 3020 1066 3083 in
1093 3039 1127 3084 se
1149 3023 1292 3084 verterat
1314 3019 1369 3103 (ci

245 3122 287 3189 ad
308 3124 375 3188 Att.
397 3121 474 3187 XIII
497 3123 618 3208 210¹).
653 3123 767 3206 ltaque
791 3123 854 3188 etsi
873 3120 991 3203 Cicero,
1014 3143 1086 3188 cum
1104 3120 1299 3189 deliberaret
1316 3122 1373 3188 cui,

243 3224 361 3290 librum
381 3225 526 3306 donaret,
550 3247 614 3292 non
637 3226 735 3292 semel
756 3225 894 3292 libenter
916 3231 1035 3292 morem'
1057 3224 1189 3310 gerebat
1209 3225 1368 3292 voluntati

244 3327 351 3409 Attici,
369 3329 402 3393 id
421 3329 507 3411 qnod
524 3329 630 3395 elucet
647 3350 687 3394 ex
703 3329 753 3396 his
766 3329 864 3396 locis:
884 3328 927 3395 ad
940 3333 1005 3395 Ait.
1020 3328 1096 3394 XIII
1112 3334 1172 3414 14,
1191 3328 1368 3395 consideres

242 3432 334 3497 velim
348 3432 515 3515 placeatne
535 3434 592 3498 tibi
613 3433 657 3498 ad
681 3433 853 3500 Varrcmem
874 3433 956 3517 quod
977 3431 1152 3513 sembimas,
1174 3430 1289 3520 lIIII1⁸
1312 3441 1367 3516 epo

241 3537 360 3601 intereo
385 3536 546 3601 admormm
574 3541 628 3602 tao
648 3537 797 3619 perfeci.
821 3585 859 3602 ..
890 3537 985 3602 libros
1007 3535 1050 3600 ad
1074 3533 1255 3617 Varronem,
1278 3535 1367 3600 lllIIs

243 3642 306 3725 214
325 3638 439 3718 Bruto,
461 3641 513 3704 cmi
529 3643 557 3704 te
574 3645 699 3706 auctore
715 3639 884 3727 npocpumi
901 3637 983 3719 aliie,
1005 3644 1114 3704 tamen
1136 3658 1199 3721 quc
1221 3629 1366 3723 tempore

241 3761 299 3824 per
327 3740 499 3807 editionem
529 3763 609 3826 opus
637 3744 670 3807 in
697 3742 859 3826 publicum
888 3743 1090 3809 emitteretur
1112 3741 1274 3809 destinare
1303 3743 1366 3809 sibi

241 3847 427 3912 reservavit.
478 3845 592 3929 Itaque
621 3865 691 3911 cum
719 3843 754 3910 id
783 3846 960 3932 exemplum
988 3843 1063 3911 libri
1091 3843 1249 3927 dedicati,
1278 3846 1365 3929 quod

241 3948 386 4013 mitteret
406 3947 475 4031 ipse
497 3948 540 4013 ad
562 3949 698 4032 amima,
726 3970 785 4032 per
812 3967 887 4014 suos
908 3949 1010 4033 ipsius
1032 3948 1183 4015 librarios
1206 3951 1366 4015 curaverit

240 4050 494 4130 describendum,
517 4050 561 4117 ad
583 4050 817 4117 dedicationem
838 4050 1064 4137 perficiendam
1086 4073 1147 4136 ope
1169 4051 1365 4138 bibliopolae

240 4177 320 4240 opus
341 4175 407 4221 non
429 4174 500 4221 esse
522 4152 627 4220 denuo
650 4153 858 4221 demonstrat.

324 4259 417 4326 Hunc
429 4279 493 4324 non
507 4261 611 4326 solum
624 4257 784 4325 Ciceronis
794 4280 887 4325 usum
898 4257 956 4325 sed
968 4259 1063 4324 etiam
1075 4263 1251 4326 ceterorum
1265 4259 1364 4328 insse

328 4448 346 4517 ¹)
364 4448 494 4517 Inspiciae
513 4448 593 4502 Birtii
609 4448 678 4518 „das
694 4447 784 4505 antibo
801 4449 981 4506 Bucbwoscm“
997 4466 1024 4518 p.
1042 4451 1093 4502 282
1099 4465 1157 4517 sqq.
