3392 5150
895 443 938 518 34

838 542 993 552 ———

346 637 401 712 libr
429 663 574 725 memor,
596 638 786 728 Eutropium
808 640 949 709 breviar.
970 640 1012 708 ab
1040 641 1122 708 urbe
1150 638 1260 720 cond:¹
1282 637 1479 726 Hesychium

348 749 421 830 lex,
443 746 615 814 Philonem
636 746 790 814 melicum
812 777 844 815 π.
866 743 1067 832 ieiunationis.
1426 769 1429 774 '

432 867 675 936 Prooemiorum
703 868 745 936 ab
774 865 961 934 auctoribus
993 863 1126 932 Graeca
1154 865 1198 932 ad
1233 863 1478 950 significandam

351 957 588 1040 dedicationem
627 971 847 1039 adhibitorum
885 970 993 1037 locum
1030 969 1084 1036 hio
1126 969 1297 1036 obtineant
1338 969 1479 1053 primum

346 1076 405 1152 illa
432 1077 467 1142 in
496 1081 614 1160 quarto
650 1076 733 1143 libro
763 1074 893 1141 Anthol.
923 1073 1092 1142 Palatinae
1120 1078 1258 1142 servata.
1306 1072 1478 1158 Meleager,

348 1179 514 1264 agathias,
525 1179 692 1266 Philippus
702 1179 944 1264 epigrammatis
952 1179 1095 1245 collectis
1104 1177 1322 1263 praefationes
1331 1180 1478 1244 oratione

347 1286 477 1370 poetica
499 1286 693 1369 compositas
715 1281 932 1368 praefixerunt
953 1282 1047 1349 nobis
1077 1288 1237 1364 servatas,
1266 1283 1385 1368 quibus
1413 1303 1478 1348 non

347 1386 451 1464 solum
485 1387 586 1454 libros
617 1408 687 1455 esse
716 1387 885 1454 dedicatos
916 1388 1116 1472 exprimant,
1152 1387 1330 1454 sedetiam
1361 1386 1477 1469 quibus

345 1491 491 1568 fontibus
514 1510 641 1580 quoque
663 1491 776 1557 ordine
798 1492 850 1557 usi
871 1511 940 1556 rom
964 1511 1055 1556 suam
1077 1492 1203 1575 egerint
1224 1491 1394 1575 explicent.

433 1610 632 1695 Scriptorum
659 1611 861 1694 pedestrium
892 1610 1111 1695 Apollodorus
1141 1611 1364 1678 Damascenus
1392 1633 1419 1676 e
1447 1631 1478 1696 g.

349 1714 622 1795 commentationi,
636 1714 689 1781 cui
701 1714 834 1782 titulum
845 1716 1014 1801 inscripsit
1028 1718 1244 1804 πολιορκητικά,
1257 1736 1365 1800 pauca
1377 1715 1477 1782 verba

349 1818 390 1886 de
412 1818 628 1885 dedicationis
652 1839 752 1887 causa
773 1817 962 1905 praemittit
1474 1829 1477 1836 ’

373 1971 375 1978 v
432 1938 672 2006 Prooemiorum
695 1939 783 2026 apud
805 1941 980 2024 scriptores
1003 1941 1166 2008 Romanos
1188 1942 1353 2009 obviorum
1381 1961 1476 2027 prae-

347 2041 440 2127 cipue
461 2041 686 2108 memorabilia
708 2047 795 2124 sunt,
823 2063 907 2128 quae
930 2042 1056 2110 Statius
1077 2043 1295 2129 compluribus
1318 2044 1477 2111 Silvarum
1545 2043 1547 2049 ’

347 2146 454 2223 libris,
499 2144 664 2212 Palladius
703 2145 789 2212 libro
824 2147 901 2212 XIV
939 2147 979 2213 de
1017 2167 1053 2212 ro
1092 2149 1229 2228 rustica,
1275 2168 1339 2233 quo
1376 2146 1477 2214 verba

346 2249 426 2315 lacit
453 2249 491 2316 de
518 2251 666 2316 insitione
693 2256 797 2316 metro
818 2271 912 2333 nuru,
940 2251 1159 2336 praefixerunt
1189 2253 1337 2319 orations
1369 2252 1478 2319 soluta

347 2353 478 2437 scripta.
521 2353 634 2437 Neque
655 2352 816 2419 Martialis
840 2353 969 2420 silentio
991 2356 1297 2440 praetermittendus
1327 2361 1390 2436 est,
1420 2354 1477 2439 qui

348 2455 390 2537 11,
403 2454 490 2538 VIII,
504 2456 566 2522 XII
583 2459 837 2542 epigrammaton
854 2456 955 2524 libros
970 2459 1135 2527 dedicatos
1153 2458 1313 2544 significat
1330 2458 1477 2545 epistulis

349 2577 496 2627 sermone
518 2561 663 2646 pedestri
684 2555 806 2647 usual)
829 2562 931 2631 Cuius
953 2564 1002 2631 rei
1024 2563 1205 2649 exemplum
1227 2565 1313 2650 apud
1336 2563 1476 2631 Graecos

349 2684 413 2729 non
435 2684 552 2730 mrem.
1484 2685 1486 2690 ¹

433 2764 582 2833 Ceterum
602 2773 635 2833 et
652 2767 770 2836 Graeci
787 2774 821 2835 et
837 2771 973 2837 Romani
984 2758 1084 2856 opera
1094 2772 1245 2837 donaturi
1258 2770 1475 2857 compluribus

346 2868 440 2935 libris
470 2872 654 2949 constantia
679 2878 712 2939 et
739 2874 956 2958 praelationes
985 2881 1018 2940 et
1046 2877 1199 2960 epistulas
1229 2881 1308 2942 ante
1332 2875 1475 2962 singulos

346 2971 449 3040 libros
467 2979 625 3060 repetunt,
649 2981 748 3060 atque
765 2977 853 3044 haud
870 3000 944 3046 raro
962 2979 1140 3069 putandum
1164 3000 1233 3047 esse
1254 2978 1333 3046 mihi
1350 2980 1476 3046 videtur

348 3082 522 3163 auctorem,
545 3100 617 3145 cum
637 3079 738 3146 libros
760 3102 823 3148 non
845 3104 909 3149 uno
931 3088 1075 3170 tempore
1094 3083 1309 3170 sed'singulos
1327 3083 1476 3169 deinceps

351 3181 509 3263 mitteret,
532 3185 662 3268 saepius
686 3188 725 3252 de
747 3185 951 3270 dedicatione
979 3189 1083 3273 deque
1111 3190 1176 3255 via·
1191 3209 1229 3254 ac
1257 3188 1385 3254 ratione
1417 3208 1481 3254 sua·

349 3282 531 3351 disserendi
553 3290 724 3355 certiorem
746 3289 855 3358 facere
876 3293 1125 3374 voluisseeum,
1153 3291 1314 3376 adquam
1336 3291 1474 3377 scripsit.

435 3385 557 3456 Seneca
571 3389 655 3458 filios
672 3394 837 3476 Nouatum,
860 3395 986 3477 Melam,
1006 3397 1157 3462 Senecam
1176 3418 1234 3480 per
1250 3395 1379 3463 litteras
1395 3394 1476 3461 allo-

349 3489 459 3572 quitur
496 3499 572 3559 ante
609 3494 710 3563 libros
746 3497 988 3581 11‚V11,1x,
1018 3501 1048 3567 X
1081 3501 1474 3579 controversiarum,

347 3622 451 3694 neque
473 3601 627 3688 epistulas
649 3606 723 3668 ante
744 3599 846 3668 libros
867 3601 918 3667 111
939 3609 973 3670 et
993 3603 1036 3669 IV
1062 3603 1196 3671 amissos
1217 3603 1359 3670 doluisse
1380 3601 1475 3668 disci-

347 3733 418 3779 mus
454 3731 493 3778 ox
529 3707 672 3794 epitoma
709 3705 824 3773 horum
863 3706 1020 3774 librorum
1057 3705 1152 3774 nobis
1188 3703 1336 3775 servata¹
1372 3704 1476 3791 ‘Apud

435 3954 453 4026 ¹)
471 3948 631 4024 Tragoediis
661 3949 731 4004 tales
757 3949 942 4018 praelationes
969 3949 1142 4020 praemisisse
1169 3951 1300 4006 videntur
1317 3949 1420 4010 Seneca
1447 3951 1475 4002 et

347 4039 513 4111 Pomponius
523 4039 671 4106 Secundus,
681 4037 714 4091 ol.
730 4035 843 4104 Quintil
856 4035 928 4106 Vlll,
941 4039 987 4092 381
1006 4039 1112 4094 merant
1127 4038 1230 4093 isumus
1246 4036 1392 4092 &medem
1403 4037 1475 4092 snas

349 4128 535 4198 Pomponium
552 4141 584 4182 uc
603 4124 729 4180 Seuerum
746 4125 826 4180 mmm
837 4123 1057 4194 praefationibus
1074 4130 1285 4182 assumturus
1302 4140 1340 4178 oa
1356 4121 1475 4192 ,prodas

346 4214 485 4272 etmomr‘
501 4213 532 4268 in
553 4210 692 4281 amoena
711 4209 764 4264 usa·
782 4212 952 4280 oportuisset.
989 4212 1069 4266 b'erte
1088 4212 1143 4265 huc
1163 4213 1278 4280 spectat,
1296 4209 1371 4277 quod
1390 4208 1475 4277 scrip·

244 4335 246 4340 ·
273 4299 276 4304 “
346 4303 443 4362 serunt
460 4297 602 4370 prooemia
620 4295 744 4352 oratione
762 4295 851 4349 soluta
868 4297 923 4366 usi,
948 4313 1115 4368 quamquam
1137 4297 1275 4352 nescimus
1292 4311 1359 4352 num
1376 4295 1475 4350 iisdem

346 4385 494 4462 prooemiis
513 4384 650 4440 dedicatio
668 4399 797 4453 expressa
814 4381 904 4438 fuerit.
