3392 5150
846 511 999 608 *aa-

359 700 444 766 idem
472 698 640 767 consilium
662 699 789 766 irritum
817 699 939 765 factum
961 703 1027 782 est;
1057 696 1097 764 cf.
1118 697 1200 764 Plin.
1223 696 1261 766 N
1286 697 1324 764 H.
1349 700 1413 784 25
1418 723 1424 758 :
1451 696 1485 762 C.

367 804 500 889 Valgius
522 803 684 887 Rufus.
705 803 919 888 aupeffeuo
939 802 1096 871 calamiae
1117 802 1283 869 addicam
1305 803 1487 885 Aaprotam

358 907 512 976 incohata
534 908 629 974 atium
644 907 860 991 praesultorem
882 910 917 972 et
939 904 1030 974 Ouid.
1055 905 1142 972 trist.
1164 905 1206 986 ΙΙ,
1233 910 1294 972 549
1317 926 1378 991 sqa

490 1010 554 1078 Sca
575 1029 630 1096 epo
647 1010 805 1094 factorum
826 1011 995 1094 seipsi..

488 1114 590 1198 quue
611 1119 665 1180 tuo
685 1133 787 1196 nuper
807 1115 961 1198 smrpbcm
981 1058 1040 1180 sab
1061 1114 1195 1194 comico,
1222 1111 1350 1193 Occsca

488 1217 534 1284 Et
553 1217 610 1283 rui
630 1221 793 1290 sumatur
813 1236 884 1284 sors
905 1237 976 1283 mec
996 1218 1086 1300 rapit
1106 1237 1193 1300 opus.

446 1321 535 1400 Quae
562 1320 627 1386 huc
653 1340 755 1405 usque
784 1320 994 1388 tractavimus
1025 1319 1187 1404 exempla,
1220 1337 1330 1390 eorum
1361 1337 1487 1401 semper

360 1424 526 1510 complura
548 1422 781 1510 comprehensa
807 1423 841 1488 in
869 1423 1054 1490 uniuersum
1082 1422 1287 1490 considerare
1314 1421 1488 1512 potuimus.

359 1528 412 1594 Ad
425 1547 509 1612 quae
522 1527 671 1594 universa
686 1527 714 1593 si
728 1527 925 1611 respicimus,
944 1526 1045 1593 multo
1062 1527 1216 1596 maiorem
1234 1530 1359 1610 partem
1377 1545 1488 1591 eorum

360 1631 402 1698 ad
411 1631 590 1697 doctrinam
603 1635 637 1696 et
649 1628 886 1697 institutionem
900 1636 1049 1715 spectare
1061 1630 1281 1714 cognoscimus
1290 1634 1324 1695 et
1331 1629 1487 1712 originem

360 1734 477 1802 ducere
499 1754 539 1801 cx
559 1732 838 1815 voluntatemne,
868 1735 923 1819 qui
951 1734 1086 1819 accipit,
1115 1753 1178 1817 qno
1206 1731 1328 1798 factum
1357 1737 1421 1812 est,
1451 1735 1488 1798 ut

359 1839 514 1906 tractmio
535 1836 630 1904 huius
652 1837 757 1920 partis
778 1837 952 1921 plurimum
974 1837 1073 1922 spatii
1094 1836 1238 1925 impleat.
1360 1889 1365 1902 .

360 2033 522 2096 Nonnulla
538 2032 680 2112 exempla
693 2031 925 2094 dedicationum
943 2036 1071 2112 praetor
1090 2035 1210 2094 ceteras
1233 2030 1487 2094 uenerabilium.

445 2149 539 2214 Nunc
561 2147 655 2233 quasi
676 2148 876 2233 spicilegium
897 2147 1080 2216 faciendum
1101 2151 1168 2229 ost,
1198 2153 1237 2213 ut
1257 2147 1300 2213 iis
1323 2146 1487 2230 exemplis,

361 2273 444 2339 quae
467 2251 687 2340 superioribus
709 2250 951 2318 dissertationis
972 2251 1122 2336 partibus
1139 2250 1243 2318 locum
1261 2249 1408 2317 obtinere
1419 2270 1488 2315 non

359 2360 525 2442 poterant,
554 2355 635 2422 satis
663 2354 826 2421 faciamus.
866 2356 975 2441 Atque
1002 2355 1103 2421 etiam
1131 2355 1412 2439 operaepretium
1437 2357 1489 2418 est

360 2459 487 2545 reliqua
508 2458 654 2543 exempla
681 2459 894 2542 perlustrare:
923 2464 999 2525 sunt
1028 2459 1113 2524 enim
1141 2456 1287 2523 nonnulli
1315 2457 1488 2542 scriptores

360 2562 460 2648 digni,
480 2582 615 2646 quorum
633 2561 710 2628 libri
727 2561 867 2628 dedicati
885 2561 1068 2630 accuratius
1084 2561 1259 2646 separatim
1275 2561 1488 2628 illustrentur.

360 2666 396 2732 ln
436 2685 571 2751 quorum
611 2686 742 2732 numero
781 2665 1037 2749 recognoscimus
1072 2663 1227 2738 Senecam
1266 2665 1421 2730 minorem
1456 2668 1490 2730 ct
1543 2737 1548 2745 ,

360 2768 572 2836 Plutarchum
585 2768 674 2836 tristi
687 2768 777 2834 vultu
790 2768 1004 2836 consolantes.
1028 2767 1150 2835 Seneca
1163 2767 1319 2835 Marciam
1334 2766 1490 2833 Cremutii

362 2871 460 2939 Cordi
481 2871 580 2939 filiam
602 2879 737 2939 mortem
758 2871 817 2938 filii
826 2871 997 2938 'dolentem
1014 2872 1137 2956 erigere
1154 2873 1223 2939 vult
1243 2872 1278 2936 in
1300 2871 1489 2938 consola·

362 2975 475 3042 tione
499 2975 547 3042 ad
564 2974 767 3042 Marciam.
798 2975 941 3041 Eundem
956 2973 1052 3042 finem
1067 2980 1194 3063 spectat
1207 2974 1349 3041 eiusdem
1361 2972 1490 3040 libellus

362 3077 413 3144 ad
440 3076 654 3162 Polybium
683 3079 731 3144 de
761 3079 1067 3160 consolatione,
1090 3079 1296 3162 'quamquam
1324 3099 1390 3143 non
1421 3082 1489 3144 tam

362 3183 487 3249 sincera
508 3179 602 3247 fluxit
623 3201 640 3247 e
662 3187 783 3249 mente:
807 3181 995 3248 vilissimam
1013 3181 1138 3248 scilicet
1154 3182 1373 3249 adulationem
1390 3182 1490 3266 impe·
1612 3241 1616 3248 .

362 3285 479 3352 tatoris
509 3284 724 3352 consolationi
751 3284 798 3350 ibi
825 3286 983 3352 admiscet
1012 3285 1151 3368 scriptor
1183 3305 1255 3350 cum
1283 3291 1394 3369 speret
1420 3287 1489 3353 fore

361 3393 400 3455 ut
417 3393 586 3455 reuocetur
603 3409 643 3453 ex
660 3388 773 3454 exsilio
790 3390 824 3454 in
841 3388 964 3455 urbem.
1000 3388 1135 3455 Librum
1157 3387 1203 3455 de
1225 3389 1490 3458 consolatione

361 3492 413 3559 ad
445 3491 629 3558 Helviam
660 3497 795 3558 matrem
829 3490 931 3558 filium
963 3491 1105 3558 exsulem
1139 3496 1319 3575 gementem
1351 3493 1491 3579 perfecit

362 3596 462 3675 idem,
499 3599 535 3660 ut
571 3593 796 3661 misericordia
831 3595 1039 3678 imperatoris
1077 3595 1219 3662 exdtata
1261 3596 1384 3664 reditus
1427 3597 1490 3664 sibi

362 3699 607 3783 permitteretur
627 3699 663 3763 in
682 3699 833 3781 patriam.

447 3802 525 3868 Plus
546 3802 742 3869 sinceritatis
766 3802 864 3868 animi
884 3802 970 3868 inest
996 3803 1030 3867 in
1054 3801 1221 3882 Plutarchi
1249 3802 1492 3896 παραμυθητικῷ

364 3908 435 3992 πρὸς
456 3907 511 3993 τήν
536 3909 617 3974 ἰδίαν
643 3917 785 3992 γυναῖκα,
814 3905 902 3991 quod
929 3906 1046 3972 mirum
1074 3926 1146 3972 esse
1174 3929 1237 3972 non
1265 3911 1388 3994 potest,
1418 3927 1488 3972 oum

364 4014 479 4094 agatur
492 4009 533 4074 de
544 4009 714 4075 Plutarchi
726 4008 804 4091 filio,
818 4011 874 4093 qui
886 4007 969 4105 diem
984 4029 1168 4094 supremum
1177 4010 1259 4077 obiit
1266 4011 1337 4095 ipso
1346 4008 1490 4076 absente.

364 4112 478 4179 Eidem
503 4114 630 4178 auctori
654 4109 737 4178 falso
756 4113 931 4179 ascribitur
954 4113 1206 4202 παραμυθητικός
1229 4112 1489 4198 adApollonium

366 4215 541 4302 quendam,
572 4217 662 4282 cuius
691 4221 803 4283 auctor
830 4217 963 4302 ignotus
985 4211 1215 4300 cum'usurpet
1235 4216 1335 4283 verba
1357 4216 1397 4302 (c.
1423 4218 1489 4297 37):

365 4319 514 4409 διαγαγών
542 4347 663 4388 σοι...
687 4316 919 4410 ἀπειργασάμην
947 4345 993 4390 σοι
1023 4323 1125 4408 λόγον,
1157 4322 1226 4387 eius
1255 4319 1342 4387 modi
1370 4320 1491 4405 scripte

365 4445 424 4515 pro
442 4422 685 4502 dedicetisesse
697 4423 847 4492 habenda
865 4423 935 4490 sinc
952 4423 1020 4490 ulla
1033 4423 1236 4492 dubitatione
1253 4424 1489 4492 affirmaverim.
