3392 5150
877 422 1031 521 -39-

372 590 510 678 'oauui
530 608 612 675 inus
636 610 688 676 as
710 608 811 676 aaa
832 614 871 689 (ο.
890 609 939 696 11)
961 615 994 676 a
1010 607 1351 694 Pseudovergilianum
1373 607 1407 674 a
1435 605 1532 672 arri

389 717 493 798 arripe
513 713 598 779 dona
619 718 659 792 (r.
677 713 731 793 46)
752 713 816 778 iam
839 732 939 796 supra
960 710 1003 778 ad
1024 711 1125 778 aliam
1144 733 1213 780 rem
1232 709 1532 779 demonstrandam

390 816 525 884 anobis
548 815 698 884 adhibita
718 820 803 883 sunt

473 937 542 1004 Iam
553 937 659 1004 maior
671 936 770 1005 turba
783 937 978 1022 seriptorum
994 937 1192 1026 pedestrium
1210 936 1352 1005 animum
1369 940 1531 1003 nostrum

387 1040 422 1106 in
444 1061 479 1108 se
500 1041 667 1109 convertit
703 1040 811 1107 Verba
827 1041 962 1108 aarum
971 1042 993 1122 ¹)
1016 1046 1048 1108 et
1064 1041 1215 1122 mitteret
1238 1061 1310 1106 oum
1327 1040 1529 1125 oompositis

381 1147 545 1230 perscribo
553 1147 595 1232 ¹),
636 1145 842 1230 saraam).
887 1145 1100 1234 aonaaittffl)
1143 1145 1339 1232 respondent
1382 1143 1528 1212 Graecis

387 1252 509 1337 γράφω,
540 1251 666 1335 πέμπω,
696 1243 879 1316 ἀποστέλλω.
913 1247 1029 1328 Quasi
1062 1250 1228 1334 passivum
1262 1247 1352 1315 verbi
1385 1248 1528 1314 mittere

387 1354 490 1437 aooipi
520 1356 627 1438 potest
656 1351 781 1433 Balbin
817 1352 895 1418 liter
929 1352 974 1419 od
1006 1358 1036 1420 te
1063 1354 1188 1437 tentaret
1215 1370 1275 1438 pro
1306 1353 1384 1418 later
1414 1352 1462 1418 acl
1495 1356 1529 1416 te

387 1459 446 1524 rito
466 1457 620 1522 mittatur.
656 1454 755 1522 Haud
775 1475 851 1522 raro
873 1455 1009 1541 legimus
1031 1455 1094 1523 duo
1116 1456 1214 1524 verba
1236 1456 1344 1524 soribo
1366 1459 1400 1521 ot
1420 1457 1527 1521 mitto

386 1559 473 1626 huno
500 1559 534 1624 in
561 1558 690 1625 modum
720 1559 895 1627 oouiunota
923 1561 1038 1627 hauan
1067 1561 1110 1626 ad
1135 1566 1164 1626 to
1190 1561 1344 1645 saraptam
1369 1559 1528 1625 maanus

245 1721 248 1726 .
387 1670 426 1744 (e.
454 1683 484 1747 g.
514 1660 642 1728 Caelius
670 1661 842 1750 Antipater
872 1664 960 1748 apud
990 1661 1138 1731 Gornifio.
1166 1661 1272 1752 Νη).
1325 1660 1527 1742 Verborum,

387 1786 471 1851 quae
499 1765 663 1832 notionem
689 1765 814 1834 habeut
841 1766 968 1833 dicendi
995 1771 1028 1834 et
1055 1764 1312 1846 demonstrandi,
1342 1769 1527 1832 ooeurrunt

386 1869 538 1950 dicam),
574 1869 783 1955 saporam),
817 1869 1017 1952 intonaret,
1053 1870 1252 1954 exponeret,
1283 1867 1524 1954 pernarrare&

382 1971 566 2056 perorarel)
589 1973 640 2039 aul

472 2093 561 2172 Quae
588 2093 688 2161 verba
722 2093 810 2179 apud
844 2116 903 2162 nos
938 2096 1080 2161 omnium
1115 2097 1191 2161 sunt
1222 2093 1450 2177 usitatissima,
1491 2095 1524 2162 si

385 2196 547 2281 loquimur
568 2199 609 2264 de
626 2197 719 2266 libris
736 2199 787 2266 vol
808 2199 883 2266 aliis
901 2198 943 2266 de
959 2199 1058 2266 rebus
1077 2198 1174 2265 alicui
1191 2196 1275 2265 dono
1293 2197 1390 2280 datis,
1409 2199 1524 2266 dicare
1655 2211 1656 2276 j

385 2306 419 2368 et
440 2301 594 2380 dedam,
616 2298 704 2366 haud
725 2300 774 2368 ita
795 2321 893 2388 saepe
913 2303 1002 2388 apud
1022 2306 1148 2368 veteres
1169 2301 1333 2388 leguntur.
1357 2301 1522 2368 Primum

385 2409 578 2490 usurpatum
605 2408 673 2486 est,
703 2405 730 2472 si
759 2389 915 2490 exemplis
938 2406 1074 2473 anobis
1097 2405 1240 2472 oolleotis
1262 2402 1344 2470 fides
1365 2401 1522 2472 habenda

383 2512 447 2588 est,
468 2507 573 2591 primo
596 2531 628 2595 p.
651 2507 725 2577 (ihr.
747 2531 778 2574 n.
801 2509 931 2577 saeaulo
954 2532 975 2577 a
997 2509 1144 2576 Phaedro
1173 2510 1370 2596 (dedicamus
1394 2512 1522 2578 meotis

383 2615 448 2678 tais
475 2612 576 2680 fabul.
599 2613 714 2698 Aesop.
736 2612 786 2680 111
807 2613 890 2698 prol
914 2619 981 2695 30),
1010 2637 1031 2681 a
1052 2613 1157 2682 Plinio
1179 2614 1213 2679 in
1241 2614 1445 2699 praefatione
1472 2614 1521 2681 ad

383 2714 604 2783 historiam
633 2717 871 2810 naturalem
902 2722 931 2783 6.
965 2720 1016 2785 11.
1049 2720 1098 2785 12.
1130 2717 1199 2798 (aas
1231 2717 1422 2799 masolam,
1458 2717 1522 2784 aas

272 2855 279 2872 ·
364 2819 465 2900 ,droa
493 2819 628 2906 Miro),
658 2841 679 2888 a
707 2821 906 2900 Quintiliano
938 2821 1041 2889 instit.
1070 2825 1153 2888 orat.
1180 2820 1197 2887 Ι
1221 2819 1284 2906 prf.
1308 2826 1343 2902 6,
1379 2821 1426 2888 IV
1453 2821 1518 2906 prf.

384 2922 540 3004 (dieamus
561 2924 626 3002 aaa
649 2924 786 2991 dedicati
807 2928 931 3009 operis),
955 2948 975 2993 a
993 2925 1099 2992 Statio
1118 2925 1198 3005 (silv.
1215 2921 1262 2990 IV
1280 2922 1372 3013 prf.);
1395 2929 1519 3010 quarto

383 3025 513 3093 saeculo
536 3026 694 3095 Firminus
715 3027 883 3096 Maternus
905 3030 1090 3098 matheseos
1118 3029 1221 3097 libros
1249 3031 1336 3096 dieat
1356 3029 1516 3095 Mavortio

382 3127 531 3196 Lolliano
552 3130 626 3216 (pri.
647 3131 687 3213 Ι).
1307 3143 1308 3146 ’

470 3319 488 3388 ¹)
506 3317 649 3387 Ampelius
673 3318 745 3373 liber
769 3319 937 3374 memorialis
962 3322 1016 3392 prf.
1042 3320 1208 3376 Censorinus
1236 3320 1271 3374 ds
1295 3319 1341 3374 die
1364 3323 1421 3373 nat.
1446 3337 1469 3374 a.
1489 3323 1513 3377 1.

382 3401 487 3457 Plinius
501 3403 535 3458 N.
548 3403 582 3461 H.
596 3404 650 3474 prf.
666 3406 713 3473 193
726 3407 882 3475 mamito:
900 3407 1025 3462 Laetant
1045 3408 1080 3462 de
1094 3405 1204 3476 opifioio
1218 3406 1264 3460 dei
1278 3423 1300 3460 o.
1317 3411 1341 3464 1.
1355 3405 1512 3466 oomoribo:

383 3489 439 3543 Oia.
458 3486 525 3542 (isto
543 3491 631 3544 maior
648 3507 671 3547 o,
691 3494 714 3558 1,
732 3491 799 3560 Top.
818 3508 841 3545 a
865 3495 888 3546 1.

469 3575 489 3645 ¹)
509 3575 563 3630 Oia
590 3576 626 3630 de
648 3575 695 3630 fin.
719 3577 759 3631 III
782 3579 807 3632 6.
825 3576 928 3632 Statius
951 3577 1016 3632 silv.
1040 3578 1079 3632 111
1101 3579 1153 3648 prf.
1182 3579 1232 3633 Iul.
1256 3577 1333 3635 Paris
1361 3579 1427 3648 epit.
1452 3577 1510 3633 Val.

382 3659 456 3716 Max.
474 3659 544 3729 prf.;
562 3662 734 3718 transmitto:
751 3662 835 3717 Firm.
853 3661 920 3716 Mat.
939 3663 1093 3718 matheseos
1108 3664 1126 3717 l.
1142 3664 1191 3720 VH
1203 3665 1256 3735 prf.
1275 3664 1395 3718 lustinus
1408 3664 1511 3718 Histor.

382 3745 528 3816 Philippis.
547 3747 612 3816 epit·
629 3747 682 3817 prs.

467 3834 488 3903 8)
505 3833 576 3886 ratio
595 3837 624 3887 et
642 3834 778 3903 expositio
797 3833 920 3888 omnium
938 3835 1089 3891 formarum
1107 3853 1130 3891 o.
1149 3840 1173 3892 1.

468 3919 490 3988 ⁴)
508 3917 612 3990 Vergil
631 3917 730 3990 Georg.
748 3919 794 3989 IV,
811 3921 836 3978 6.

426 4039 428 4042 -
467 4003 488 4074 ι)
506 4003 676 4062 lim-Mat.
694 4005 739 4076 (of.
757 4023 821 4060 ann.
839 4006 866 4077 2)
885 4006 942 4076 Vn,
960 4009 1003 4066 27.

466 4090 488 4160 ⁸)
505 4089 591 4148 Firm.
608 4089 675 4145 Mat
693 4090 726 4160 V,
745 4094 785 4146 16.

468 4177 488 4248 l)
505 4175 647 4240 Vitruvius
666 4178 701 4232 de
719 4179 815 4235 arehit.
834 4181 872 4234 ΠΙ
888 4180 942 4250 pri.
962 4181 1002 4235 16.

467 4263 488 4332 8)
506 4261 597 4318 Varro
613 4279 636 4316 r.
653 4279 676 4316 r.
693 4264 727 4333 IL
745 4266 769 4318 6.

466 4349 489 4420 9)
507 4348 668 4404 Laetantius
686 4349 722 4404 de
739 4350 805 4424 opii.
825 4351 871 4406 dei
889 4368 911 4406 a.
931 4353 971 4408 19.
